2054 3266
531 196 570 232 P.
609 196 814 232 VERGILI
852 195 1075 231 MARONIS
1111 196 1376 232 AENEIDOS.

91 322 279 367 Aeneae
300 320 424 366 stetit
447 327 555 365 ante
578 320 720 376 pedes
741 335 751 372 ;
785 333 871 364 nec
893 318 1023 376 plura
1044 327 1249 363 moratus

91 396 212 438 Tum
233 395 364 439 laeva
383 401 566 438 taurum
589 406 729 436 cornu
752 400 894 446 tenet,
915 400 1055 448 atque
1078 390 1141 435 ita
1161 392 1283 436 fatur
1303 406 1314 438 ε

93 467 216 512 Nate
236 467 339 523 dea,
361 465 399 510 si
421 479 560 510 nemo
581 465 721 509 audet
744 478 795 508 se
817 464 1004 508 credere
1027 478 1226 521 pugnae,

91 538 223 594 Quae
244 537 348 582 finis
364 536 552 582 standi?
583 550 675 594 quo
698 536 928 580 me-decet
951 550 1096 593 usque
1118 535 1263 579 teneri
1281 537 1299 580 ?

89 611 274 655 Ducere
295 610 420 654 dona
435 609 558 667 jube.
625 608 790 652 Cuncti
814 607 949 653 simul
971 621 1051 652 ore
1073 608 1330 654 fremebant

90 683 389 728 Dardanidae
410 681 635 739 reddique
658 680 756 725 viro
778 681 1007 737 promissa
1025 680 1264 736 jubebant.

147 756 240 801 Hic
259 754 413 812 gravis
437 754 673 798 Entellum
694 754 831 798 dictis
853 753 1052 810 castigat
1077 757 1287 809 Acestes,

89 827 328 872 Proximus
349 835 399 872 ut
421 826 650 871 viridante
672 834 773 870 toro
794 827 1069 870 consederat
1090 826 1263 870 herbae
1282 839 1293 871 ε

87 902 282 956 Entelle,
299 901 492 945 heroum
515 900 751 957 quondam
775 898 1024 943 fortissime
1046 899 1226 954 frustra,

85 976 296 1018 Tantane
318 983 412 1018 tam
436 972 617 1029 patiens
638 973 765 1016 nullo
787 971 1038 1016 certamine
1061 971 1156 1015 tolli

85 1048 225 1090 Dona
246 1045 402 1090 sines?
432 1044 510 1089 ubi
532 1058 656 1089 nunc
677 1045 810 1088 nobis
834 1044 946 1088 deus
971 1044 1060 1098 ille,
1082 1044 1302 1100 magister

86 1119 383 1176 Nequiquam
404 1126 704 1171 memoratus,
731 1118 888 1172 Eryx?
919 1116 996 1160 ubi
1018 1117 1144 1160 fama
1166 1132 1248 1173 per
1269 1132 1457 1162 omnem

83 1191 386 1246 Trinacriam,
409 1198 454 1235 et
477 1189 626 1247 spolia
648 1189 725 1232 illa
746 1189 835 1233 tuis
858 1189 1109 1246 pendentia
1130 1189 1298 1234 tectis?

87 1264 168 1308 Ille
188 1264 274 1308 sub
294 1264 411 1307 haec
435 1278 444 1307 τ
480 1264 588 1306 Non
609 1262 760 1306 laudis
782 1277 912 1305 amor
932 1276 1019 1306 nec
1041 1262 1189 1318 gloria
1212 1262 1350 1307 cessit

84 1337 222 1380 Pulsa
242 1344 367 1381 metu
390 1351 400 1388 ;
432 1335 515 1380 sed
537 1334 659 1378 enim
681 1335 862 1391 gelidus
884 1335 1097 1378 tardante
1120 1344 1310 1379 senecta

78 1405 277 1461 Sanguis
298 1408 454 1461 hebet,
479 1407 740 1465 frigentque
762 1407 926 1452 effetae
948 1407 994 1452 in
1018 1421 1210 1465 corpore
1230 1407 1363 1452 vires.

79 1477 127 1521 Si
149 1479 279 1533 mihi,
304 1493 423 1536 quae
446 1481 683 1538 quondam
706 1480 867 1536 fuerat,
888 1495 1074 1538 quaque
1096 1480 1334 1537 improbus
1359 1481 1443 1523 iste

78 1551 290 1596 Exsultat
312 1553 475 1608 fidens,
499 1552 536 1597 si
558 1568 682 1597 nunc
703 1554 819 1597 foret
842 1553 920 1598 illa
935 1554 1140 1612 juventa,

81 1624 222 1667 Haud
243 1624 460 1681 equidem
483 1626 630 1682 pretio
654 1624 869 1669 inductus
893 1627 1178 1683 pulchroque
1196 1625 1395 1682 juvenco

77 1693 338 1749 Venissem‚
361 1709 448 1738 nec
471 1695 595 1738 dona
616 1709 782 1739 moror.
850 1696 926 1739 Sic
948 1696 1117 1739 deinde
1139 1696 1373 1751 loquutus,

82 1763 135 1806 In
157 1763 360 1807 medium
383 1764 594 1820 geminos
618 1764 808 1808 immani
832 1766 1035 1821 pondere
1057 1773 1241 1809 caestus

80 1835 293 1893 Projecit,
319 1837 486 1894 quibus
507 1851 615 1881 acer
638 1838 763 1894 Eryx
786 1837 832 1880 in
855 1838 1028 1894 praelia
1045 1845 1202 1881 suetus

79 1906 220 1949 Ferre
240 1920 444 1960 manum,
467 1906 676 1963 duroque
699 1908 939 1951 intendere
959 1907 1179 1951 bracchia
1201 1914 1343 1962 tergo.

69 1978 364 2035 Obstupuere
385 1976 527 2021 animi
548 1992 557 2021 :
590 1985 823 2021 tantorum
846 1978 1052 2034 ingentia
1073 1989 1252 2036 septem

68 2051 224 2107 Terga
242 2050 385 2094 boum
407 2049 596 2107 plumbo
620 2049 773 2094 insuto
795 2051 1004 2108 ferroque
1027 2053 1249 2108 rigebant.

66 2123 188 2167 Ante
210 2136 373 2166 omnes
396 2129 550 2179 stupet
571 2122 672 2179 ipse
698 2125 861 2178 Dares,
884 2124 1114 2181 longeque
1137 2135 1318 2171 recusat
1337 2141 1347 2171 z

68 2195 492 2252 Magnanimusque
512 2194 824 2239 Anchisiades
846 2205 890 2239 et
914 2198 1095 2253 pondus
1118 2206 1163 2242 et
1187 2198 1288 2254 ipsa

66 2268 174 2311 Huc
195 2266 302 2311 illuc
323 2266 578 2311 vinclorum
600 2266 828 2312 immensa
848 2270 1085 2313 volumina
1107 2279 1272 2316 versat.

63 2341 185 2384 Tum
206 2338 361 2384 senior
381 2340 497 2383 tales
519 2340 745 2383 referebat
768 2349 954 2397 pectore
976 2357 1112 2387 voces
1137 2359 1144 2386 :

63 2413 203 2469 Quid,
225 2411 262 2456 si
282 2412 383 2469 quis
406 2420 588 2455 caestus
611 2412 755 2468 ipsius
778 2421 822 2456 et
847 2415 1063 2458 Herculis
1084 2430 1215 2460 arma

61 2484 268 2530 Vidisset
290 2485 559 2542 tristemque
580 2484 669 2527 hoc
693 2484 794 2541 ipso
817 2485 862 2528 in
884 2486 1018 2530 litore
1040 2490 1282 2544 pugnam?

64 2558 199 2603 Haec
218 2571 468 2614 germanus
492 2558 616 2613 Eryx
638 2558 874 2614 quondam
897 2566 1002 2603 tuus
1025 2575 1154 2603 arma
1173 2563 1364 2617 gerebat
1382 2580 1454 2617 ;—

66 2629 303 2687 Sanguine
325 2628 475 2673 cernis
497 2629 649 2673 adhuc
673 2644 927 2688 sparsoque
949 2630 1121 2676 infecta
1142 2634 1332 2678 cerebro
1351 2649 1424 2688 5——

60 2702 150 2746 His
171 2715 394 2758 magnum
416 2700 611 2746 Alciden
633 2710 796 2746 contra
817 2704 943 2747 stetit
961 2713 971 2743 τ
999 2704 1071 2748 his
1093 2718 1180 2761 ego
1203 2715 1375 2762 suetus,

60 2775 185 2820 Dum
207 2774 372 2819 melior
390 2772 511 2818 vires
533 2773 723 2831 sanguis
744 2775 902 2830 dabat,
924 2777 1107 2822 aemula
1127 2779 1328 2824 necdum

59 2846 367 2903 Temporibus
386 2844 587 2903 geminis
608 2846 805 2893 oenebat
826 2862 990 2905 sparsa
1009 2858 1238 2896 senectus.

58 2919 149 2964 Sed
170 2919 209 2964 si
230 2928 391 2964 nostra
420 2923 565 2964 Dares
588 2921 703 2964 haec
728 2923 895 2964 Troius
920 2935 1049 2964 arma
1070 2930 1269 2974 recusat,

58 2992 202 3051 quue
223 2992 300 3051 pio
323 2994 452 3037 sedet
476 2995 679 3048 Aeneae,
702 2995 868 3051 probat
890 3003 1049 3037 auctor
1071 2995 1283 3047 Acestes,

57 3065 320 3123 Aequemus
341 3080 534 3124 pugnas,
599 3066 763 3123 Erycis
785 3065 868 3110 tibi
890 3074 1021 3122 terga
1041 3065 1227 3109 remitto
1249 3079 1259 3109 :

1757 183 1816 233 35

1733 987 1815 1030 390

1728 1350 1807 1395 395

1698 1707 1786 1748 400

1708 2071 1791 2117 405

1701 2435 1789 2477 4¹0

1698 2797 1781 2842 ⁴¹5
