2054 3266
174 183 248 234 32'
614 197 654 233 ι».
694 198 897 233 venum
935 198 1157 232 umorue
1194 194 1456 232 Amemus.

175 323 256 366 Vix
281 323 404 366 illam
426 323 582 365 famuli
612 323 821 376 Phegeus
845 321 1124 378 Sagarisque
1147 321 1354 364 ferebant

175 395 493 451 Multiplicem,
515 394 698 438 connixi
721 393 924 436 humeris
946 410 955 445 ;
988 393 1173 436 indutus
1195 402 1241 436 at
1264 393 1375 436 olim

171 468 424 510 Demoleus
447 481 581 510 cursu
606 468 815 522 palantes
839 468 986 508 Troas
1009 466 1189 520 agebat.

168 542 322 584 Tertia
346 541 470 583 dona
491 540 599 583 facit
622 540 834 595 geminos
857 553 912 582 ex
934 553 1038 581 aere
1062 539 1252 592 lebetas,

169 613 457 669 Cymbiaque
479 622 672 668 argento
696 612 899 667 perfecta
921 621 1059 666 atque
1081 625 1245 666 aspera
1268 610 1422 665 signis.

224 687 420 742 Jamque
443 686 562 728 adeo
584 684 743 727 donati
767 695 946 736 omnes,
972 683 1229 739 opibusque
1253 698 1380 739 Supel
1393 684 1450 737 bi,

168 757 380 800 Puniceis
399 758 524 800 ibant
549 756 716 800 evincti
739 764 944 811 tempora
977 756 1174 809 taeniis;

165 831 319 884 Quum
341 844 481 873 saevo
503 844 527 872 e
551 830 742 885 scopulo
764 830 908 871 multa
929 828 1001 870 vix
1025 838 1122 870 arte
1146 828 1366 881 revulsus,

162 902 362 946 Amissis
386 905 538 955 remis,
562 910 701 958 atque
724 901 886 944 ordine
904 901 1070 944 debilis
1093 915 1198 954 uno,

166 976 352 1019 Irrisam
375 976 474 1018 sine
496 976 671 1018 honore
696 983 840 1017 ratem
867 975 1109 1030 Sergestus
1132 974 1314 1028 agebat.

162 1048 324 1102 Qualis
347 1062 488 1104 saepe
509 1048 611 1090 viae
632 1047 889 1103 deprensus
913 1047 957 1089 in
981 1060 1148 1101 aggere
1173 1060 1377 1101 serpens,

160 1121 309 1163 Aerea
330 1133 466 1174 quern
488 1119 727 1176 obliquum
751 1127 850 1161 rota
867 1118 1063 1171 transiit,
1084 1125 1162 1162 aut
1184 1118 1333 1172 [gravis
1358 1117 1447 1161 ictu

160 1193 451 1236 Seminecem
474 1192 605 1248 liquit
628 1205 739 1234 saxo
762 1192 1056 1246 lacerumque
1079 1190 1237 1242 viator,

162 1266 457 1322 Nequiquam
481 1266 643 1319 longos
667 1263 846 1319 fugiens
870 1264 949 1306 dat
973 1277 1163 1318 corpore
1187 1271 1347 1315 tortus,

160 1339 292 1381 Parte
315 1339 440 1380 ferox
463 1338 726 1393 ardensque
749 1337 893 1379 oculis
916 1344 960 1378 et
984 1335 1119 1378 sibila
1142 1336 1261 1377 colla

156 1411 339 1454 Arduus
362 1411 577 1453 attollens
600 1426 611 1462 ;
645 1424 751 1466 pars
775 1410 962 1452 vulnere
985 1409 1151 1451 clauda
1174 1416 1368 1451 retentat

158 1484 420 1526 Nexantem
443 1482 578 1526 nodis
602 1496 742 1539 seque
766 1482 811 1524 in
836 1496 918 1524 sua
941 1483 1151 1523 membra
1175 1480 1436 1536 plicantem„

157 1555 255 1598 Tali
280 1555 472 1611 remigio
495 1554 626 1597 navis
650 1569 699 1597 se
722 1555 856 1597 tarda
879 1555 1095 1596 movebat
1121 1569 1129 1603 ;

156 1628 270 1671 Vela
291 1628 398 1671 facit
422 1638 592 1680 tamen,
616 1635 660 1670 et
684 1627 831 1682 plenis
855 1625 976 1669 subit
999 1625 1117 1668 ostia
1141 1625 1266 1668 velis.

156 1702 424 1756 Sergestum
452 1704 631 1743 Aeneas
654 1698 884 1755 promisso
906 1712 1096 1741 munere
1119 1698 1276 1750 donat,

155 1773 395 1816 Servatam
418 1773 477 1815 ob
498 1786 666 1814 navem
690 1773 835 1814 laetus
859 1771 1102 1827 sociosque
1126 1770 1351 1813 reductos.

153 1844 244 1887 Olli
267 1857 401 1886 serva
422 1843 571 1896 datur,
595 1856 783 1899 operun‘.
812 1843 935 1886 haud
960 1842 1121 1898 ignara
1147 1843 1400 1891 Minervae,

153 1917 323 1960 Cressa
343 1930 506 1971 genus,
537 1917 722 1970 Pholoe,
745 1916 1008 1972 geminique
1031 1916 1116 1958 sub
1138 1916 1279 1958 ubere
1302 1915 1409 1958 nati.

214 1989 316 2031 Hoc
339 1987 441 2044 pius
464 1989 649 2030 Aeneas
673 1987 817 2032 misso
840 1987 1092 2031 certamine
1115 1987 1263 2030 tendit

153 2061 454 2104 Gramineum
478 2061 522 2103 in
546 2075 776 2117 campum,
800 2075 939 2117 quern
963 2061 1157 2104 collibus
1182 2061 1383 2116 undique
1405 2059 1555 2103 curvis

153 2134 413 2189 Cingebant
437 2133 580 2175 silvae
603 2167 611 2183 ,
646 2133 891 2190 mediaque
915 2133 958 2176 in
982 2134 1101 2175 valle
1124 2133 1290 2175 theatri

153 2205 312 2249 Circus
334 2213 453 2263 erat3
470 2220 561 2262 quo
584 2220 633 2248 se
656 2206 812 2249 multis
833 2220 939 2248 curn
963 2204 1163 2247 millibus
1185 2205 1322 2247 heros

152 2279 384 2321 Consessu
408 2278 611 2320 medium
636 2279 750 2332 tulit,
774 2286 1094 2330 exstructoque
1115 2276 1300 2320 resedit.

154 2350 259 2404 Hic,
283 2350 360 2408 qui
382 2351 498 2393 forte
520 2351 661 2394 velint
685 2350 846 2406 rapido
869 2350 1150 2394 contendere
1172 2363 1322 2403 cursu,

154 2423 323 2466 Invitat
347 2423 504 2479 pretiis
527 2422 722 2468 animos.
746 2432 791 2466 et
815 2423 1020 2479 praemia
1041 2422 1182 2479 ponit.

153 2494 373 2552 Undique
396 2495 675 2539 conveniunt
699 2495 880 2549 Teucri,
902 2495 1121 2552 mistique
1144 2492 1299 2539 Sicani
1323 2509 1333 2539 :

152 2566 296 2608 Nisus
319 2575 363 2609 et
388 2567 615 2621 Euryalus
639 2567 771 2623 primi
794 2584 804 2620 ;

151 2639 379 2693 Euryalus
402 2639 549 2682 forma
572 2639 764 2695 insignis
787 2639 1014 2696 viridique
1041 2639 1232 2696 juventa
1252 2655 1262 2691 ;

153 2709 310 2764 Nisus,
333 2724 491 2754 amore
514 2711 590 2766 pio
613 2699 739 2768 pueri
761 2727 769 2754 :
803 2725 919 2768 quos
943 2700 1112 2754 deinde
1135 2719 1357 2768 sequutus

150 2781 327 2837 Regius
348 2783 534 2839 egregia
561 2783 729 2826 Priami
752 2785 811 2826 de
834 2783 975 2839 stirpe
1000 2783 1164 2826 Diores
1186 2799 1194 2827 :

153 2853 289 2896 Hunc
315 2853 479 2909 Salius,
503 2854 637 2899 simul
659 2863 705 2900 et
731 2857 901 2899 Patron
921 2871 932 2908 3
965 2868 1160 2912 quorum
1183 2854 1298 2898 alter
1318 2854 1551 2908 Acarnan,

152 2925 278 2968 Alter
298 2926 358 2969 ab
381 2927 597 2981 Arcadia,
620 2929 863 2983 Tegeaeae
885 2927 1110 2983 sanguine
1133 2926 1295 2982 gentis.

151 2997 269 3039 Tum
291 2997 383 3041 duo
407 2999 633 3042 Trinacrii
652 3000 863 3055 juvenes,
894 3001 1121 3054 Helymus
1150 3000 1470 3054 Panopesque,

150 3069 340 3112 Adsueti
365 3070 507 3124 silvis,
530 3071 723 3114 comites
747 3071 941 3115 senioris
965 3075 1162 3115 Acestae
1182 3085 1194 3122 ;

1808 469 1888 523 265

1755 855 1762 862 ·
1802 838 1886 879 ²70

1797 1199 1877 1244 275

1787 2287 1873 2333 290

1786 2648 1868 2695 295
