2054 3266
577 200 616 231 P.
645 198 850 232 VERGILI
890 193 1112 232 MARONIS
1150 199 1412 233 AENEIDOS.

141 316 276 361 Multi
301 326 557 375 praeterea,
582 333 698 376 quos
722 319 846 362 sama
869 320 1065 363 obscura
1088 319 1311 364 recondit.

142 388 325 430 Aeneas
348 388 513 443 quibus
537 387 582 431 in
607 388 774 431 mediis
798 387 865 447 sic
887 388 1058 432 deinde
1082 389 1298 445 loquutus
1318 404 1329 433 ε

197 459 409 516 Accipite
430 461 545 504 haec
568 460 734 504 animis
758 462 996 518 laetasque
1020 461 1246 505 advertite
1270 469 1450 506 mentes
1470 475 1481 507 τ

143 533 298 577 Nemo
322 541 366 577 et
388 533 476 576 hoc
500 548 692 577 numero
714 534 826 576 mihi
850 548 943 578 non
966 535 1165 578 donatus
1187 534 1345 578 abibit.

142 605 321 650 Gnosia
342 605 454 649 bina
477 606 598 649 dabo
621 606 773 650 levato
796 607 950 650 lucida
973 608 1092 650 ferro

144 679 346 735 Spicula,
372 679 694 736 caelatamque
718 688 911 735 argento
933 680 1049 723 ferre
1071 681 1322 737 bipennem
1346 695 1358 733 3

144 751 375 795 Omnibus
397 751 473 795 hic
496 751 580 795 erit
603 766 720 795 unus
745 752 906 796 honos.
971 754 1087 796 Tres
1111 752 1317 810 praemia
1340 752 1474 810 primi

142 823 401 881 Accipient,
425 824 639 881 flavaque
662 833 799 881 caput
823 833 1066 869 nectentur
1088 824 1219 868 oliva.

146 894 325 938 Primus
349 908 518 950 equum
539 894 743 950 phaleris
767 894 996 949 insignem
1020 894 1166 938 victor
1187 895 1371 938 habeto.

143 969 274 1011 Alter
294 966 600 1009 Amazoniam
623 967 891 1023 pharetram
914 968 1192 1024 plenamque
1216 967 1398 1023 sagittis

144 1037 386 1093 Threiciis,
412 1039 503 1081 lato
527 1051 665 1092 quam
688 1038 861 1082 circum
884 1039 1177 1095 amplectitur
1199 1054 1311 1082 auro

144 1115 348 1168 BalteuS,
371 1122 416 1157 et
440 1112 572 1157 tereti
590 1112 827 1158 ,subnectit
850 1113 990 1156 fibula
1013 1127 1211 1169 gemma.

150 1185 330 1230 Tertius
351 1184 571 1240 Argolica
592 1186 680 1227 hac
703 1185 838 1240 galea
861 1194 1106 1228 contentus
1129 1185 1268 1229 abito.

205 1258 338 1299 Haec
361 1255 438 1298 ubi
462 1255 601 1305 dicta,
626 1255 779 1298 locum
802 1255 1004 1311 capiunt,
1028 1254 1254 1312 signoque
1277 1270 1415 1312 repen
1460 1276 1465 1295 .-

147 1329 409 1387 Corripiunt
434 1329 585 1385 spatia
608 1328 782 1381 audito,
808 1329 1043 1385 limenque
1065 1328 1295 1385 reliquunt

146 1403 307 1457 Effusi,
332 1401 490 1445 nimbo
514 1401 705 1457 similes,
730 1401 865 1444 simul
889 1400 1050 1444 ultima
1073 1401 1272 1457 signant.

147 1477 327 1520 Primus
349 1475 446 1519 abit
467 1476 696 1531 longeque
718 1482 824 1517 ante
847 1473 1003 1517 omnia
1025 1488 1220 1530 corpora
1245 1473 1389 1518 Nisus

145 1549 344 1604 Emicat,
368 1556 413 1592 et
436 1548 584 1592 ventis
608 1556 652 1591 et
674 1546 880 1590 fulminis
905 1546 1030 1590 ocior
1052 1547 1149 1591 alis.

146 1624 387 1666 Proximus
409 1621 529 1676 huic,
554 1622 695 1676 longo
717 1621 800 1663 sed
824 1620 1059 1677 proximus
1083 1619 1338 1674 intervallo,

147 1694 410 1752 Insequitur
434 1695 598 1738 Salius.
665 1693 826 1748 Spatio
850 1702 953 1750 post
977 1692 1146 1736 deinde
1169 1693 1330 1736 relicto

145 1768 330 1812 Tertius
354 1768 595 1823 Euryalus.

144 1841 492 1897 Euryalumque
517 1840 746 1895 Helymus
770 1838 986 1896 sequitur.
1052 1839 1157 1893 Quo
1179 1838 1350 1882 deinde
1372 1839 1458 1882 sub
1480 1838 1584 1897 ipso

144 1915 270 1958 Ecce
291 1914 432 1968 volat,
457 1914 725 1969 calcemque
749 1912 852 1955 terit
871 1911 968 1968 jam
992 1913 1120 1955 calce
1145 1911 1329 1967 Diores,

145 1986 427 2030 Incumbens
449 1985 643 2027 humero
665 2000 673 2028 :
708 1985 859 2040 spatio
883 1992 928 2027 et
951 1983 988 2026 si
1012 1984 1142 2040 plura
1164 1984 1415 2039 supersint,

143 2061 373 2103 Transeat
396 2059 580 2115 elapsus
605 2057 744 2114 prior,
771 2057 1132 2114 ambiguumque
1156 2057 1399 2114 relinquat.

199 2133 398 2190 Jamque
419 2132 513 2175 fere
537 2130 688 2188 spatio
711 2140 917 2174 extremo
939 2129 1141 2187 fessique
1165 2131 1249 2172 sub
1273 2129 1424 2187 ipsam

143 2204 310 2249 Finem
333 2204 667 2259 adventabant,
693 2203 780 2247 levi
805 2218 947 2260 quum
970 2203 1196 2259 sanguine
1221 2201 1365 2247 Nisus

145 2277 335 2322 Labitur
357 2277 512 2321 infelix
531 2294 542 2332 ;
576 2278 724 2321 caesis
746 2287 795 2321 ut
819 2282 934 2320 sorte
951 2275 1163 2334 juvencis

144 2351 294 2394 Fusus
316 2350 509 2392 humum
531 2349 791 2405 viridesque
815 2363 951 2405 super
973 2348 1284 2392 madefecerat
1308 2349 1488 2393 herbas.

145 2423 238 2467 Hic
254 2423 454 2479 juvenis,
471 2421 570 2479 jam
593 2422 740 2465 victor
761 2436 923 2475 ovans,
949 2421 1145 2476 vestigia
1167 2436 1329 2477 presso

144 2497 287 2540 Haud
309 2495 454 2540 tenuit
476 2495 673 2539 titubata
695 2496 794 2538 solo
815 2510 825 2547 ;
858 2494 941 2538 sed
962 2509 1134 2550 pronus
1157 2494 1204 2537 in
1227 2494 1328 2551 ipso

144 2568 359 2613 Concidit
383 2567 716 2625 immundoque
740 2568 848 2610 fimo
872 2581 1098 2624 sacroque
1121 2581 1293 2611 cruore.

144 2642 255 2686 Non
277 2650 433 2686 tamen
457 2641 664 2696 Euryali,
686 2655 778 2684 non
803 2640 877 2684 ille
899 2641 1067 2684 oblitus
1090 2655 1313 2684 amorum.

144 2715 272 2758 Nam
294 2728 397 2758 sese
419 2714 634 2771 opposuit
662 2714 787 2758 Salio
811 2728 891 2771 per
914 2713 1090 2757 lubrica
1112 2727 1307 2770 surgens
1327 2729 1337 2766 ;

147 2787 229 2830 Ille
246 2795 403 2830 autern
425 2785 576 2842 spissa
593 2786 737 2843 jacuit
763 2787 992 2830 revelutus
1015 2800 1170 2830 arena.

143 2859 328 2903 Emicat
352 2860 595 2915 Euryalus,
620 2868 663 2903 et
686 2874 877 2903 munere
900 2860 1046 2903 victor
1067 2858 1204 2904 amici

144 2933 299 2976 Prima
321 2941 462 2985 tenet,
490 2932 746 2989 plausuque
769 2933 893 2976 volat
917 2933 1171 2990 femituque
1194 2934 1411 2978 secundo.

146 3005 254 3048 Post
282 3005 507 3060 Helymus
532 3003 667 3059 subit,
690 3012 735 3048 et
758 3018 880 3049 nunc
902 3004 1038 3048 tertia
1060 3005 1216 3061 palma
1240 3005 1421 3050 Diores.

146 3077 237 3121 Hic
259 3085 408 3121 totum
430 3091 600 3122 caveae
622 3090 893 3122 consessum
920 3076 1123 3133 ingentis
1146 3085 1191 3122 et
1213 3092 1296 3122 ora

149 3150 305 3254 Primi}
324 3157 505 3208 patrum
531 3150 713 3208 magnis
735 3150 885 3196 Salius
909 3150 1188 3196 clamoribus
1211 3150 1384 3209 implet.

1788 177 1851 232 33

1771 542 1853 587 305

1771 904 1858 948 3¹0

1771 1263 1856 1309 ³¹5

1773 1631 1860 1677 320

1771 1994 1855 2039 325

1772 2361 1858 2406 330

1773 2726 1852 2772 335

1769 3092 1855 3135 340
