2054 3266
596 143 638 179 P.
677 142 883 177 VERGILI
925 141 1148 177 MARONIS
1183 140 1446 176 AENEIDOS.

161 266 372 310 Aeneam
394 265 583 310 credam
607 265 716 323 quid
740 263 863 309 enim
884 263 1126 308 fallacibus
1148 263 1271 309 auris

162 339 222 383 Et
245 338 358 383 caeli
381 338 518 383 toties
541 338 763 395 deceptus
784 337 946 381 fraude
969 335 1158 382 sereni?

160 408 293 452 Talia
315 408 439 452 dicta
459 407 617 461 dabat,
648 407 923 463 clavumque
945 406 1108 450 affixus
1131 414 1176 451 et
1204 406 1400 451 haerens

161 481 406 538 Nusquam
428 478 687 534 amittebat,
713 479 964 536 oculosque
987 479 1071 523 sub
1094 487 1220 522 astra
1241 479 1442 524 tenebat.

159 554 283 598 Ecce
305 553 419 597 deus
440 566 622 595 ramum
646 552 851 597 Lethaeo
873 565 973 596 rore
994 551 1262 595 madentem

157 625 307 683 Vique
328 633 598 682 soporatum
622 623 785 681 Stygia
806 637 945 681 super
964 632 1158 680 utraque
1181 632 1370 680 quassat

157 697 401 753 Tempora,
424 695 750 753 cunctantique
772 695 981 739 natantia
1003 694 1176 738 lumina
1207 695 1355 739 solvit.

155 768 244 812 Vix
264 768 437 826 primos
460 767 649 824 inopina
669 766 802 825 quies
824 768 1056 810 laxaverat
1079 776 1205 811 artus
1226 782 1237 821 ς

154 840 215 884 Et
237 854 376 897 super
398 839 671 884 incumbens
693 853 799 883 cum
822 839 989 896 puppis
1012 848 1142 896 parte
1164 839 1344 883 revulsa

155 912 364 969 Cumque
385 911 667 968 gubernaclo
687 910 887 968 liquidas
921 910 1113 968 projecit
1137 911 1181 954 in
1203 913 1353 955 undas

156 984 461 1042 Praecipitem
481 997 536 1028 ac
557 983 710 1028 socios
733 983 1016 1041 nequiquam
1039 998 1178 1040 saepe
1199 993 1458 1028 vocantem.

154 1058 260 1114 Ipse
282 1057 444 1100 volans
465 1065 628 1100 tenues
651 1070 700 1100 se
723 1056 905 1100 sustulit
929 1057 1025 1100 ales
1048 1054 1108 1098 ad
1129 1068 1280 1101 auras.

152 1127 302 1171 Currit
324 1126 410 1172 iter
430 1136 580 1172 tutum
602 1143 695 1172 non
719 1128 868 1172 secius
892 1141 1092 1184 aequore
1116 1126 1296 1182 classis,

151 1201 490 1258 Promissisque
512 1200 655 1257 patris
682 1201 886 1257 Neptuni
911 1199 1118 1243 interrita
1139 1199 1292 1251 fertur.

149 1273 346 1330 Jamque
367 1273 485 1317 adeo
509 1276 724 1331 scopulos
749 1274 961 1318 Sirenum
985 1273 1179 1315 advecta
1212 1271 1408 1327 subibat,

152 1345 378 1390 Difficiles
401 1347 637 1404 quondam
661 1348 1004 1404 multorumque
1028 1346 1210 1388 ossibus
1233 1346 1384 1397 albos,

149 1415 270 1458 Tum
291 1429 432 1459 rauca
453 1416 643 1460 assiduo
666 1417 802 1472 longe
827 1417 922 1460 sale
946 1429 1057 1458 saxa
1080 1414 1309 1460 sonabant
1329 1428 1342 1467 ς

149 1488 304 1543 Quum
326 1496 459 1545 pater
481 1488 655 1532 amisso
678 1489 938 1533 fluitantem
962 1504 1112 1534 errare
1137 1491 1361 1546 magistro

147 1559 315 1615 Sensit,
337 1569 382 1604 et
404 1560 503 1617 ipse
526 1570 671 1606 ratem
694 1563 932 1607 nocturnis
956 1563 1069 1606 rexit
1097 1563 1141 1607 in
1165 1563 1318 1618 undis,

150 1633 298 1676 Multa
317 1646 524 1689 gemens,
549 1649 751 1693 casuque
774 1636 980 1679 animum
1004 1649 1257 1679 concussus
1279 1637 1415 1682 amici
1440 1654 1447 1681 :

147 1705 186 1747 O
210 1703 404 1749 nimium
426 1707 555 1750 caelo
578 1715 623 1751 et
645 1709 809 1766 pelago
832 1708 1005 1753 confise
1039 1722 1212 1752 sereno.

147 1776 309 1822 Nudus
330 1777 377 1822 in
400 1777 571 1836 ignota,
598 1780 826 1838 Palinure,
842 1781 1021 1840 jacebis
1045 1786 1202 1826 arena!

1822 131 1886 180 47

1796 317 1883 373 850

1785 1039 1873 1083 860

1782 1399 1863 1455 865

1772 1763 1860 1817 870
