2054 3266
508 193 550 226 P.
588 192 794 227 VERGILI
842 191 1063 225 MARoms
1099 190 1361 224 AENEIDOS.

83 312 373 358 Culminibus
394 313 635 370 crepitant,
654 313 720 357 sic
742 312 898 357 densis
920 312 1086 356 ictibus
1109 313 1247 356 heros

84 387 256 430 Creber
275 395 468 445 utraque
489 401 629 430 manu
653 387 804 444 pulsat
826 394 1071 443 versatque
1097 387 1283 429 Dareta.

39 491 45 496 -
85 460 206 503 Tum
228 467 360 516 pater
379 460 564 503 Aeneas
587 459 839 516 procedere
861 457 1042 514 longius
1065 458 1157 501 iras

83 533 143 576 Et
164 531 341 576 saevire
361 531 528 575 animis
553 532 788 575 Entellum
810 531 935 574 haud
957 545 1121 588 passus
1144 529 1322 574 acerbis
1342 545 1356 584 ς

56 609 61 612 ’
83 605 176 648 Sed
199 605 338 648 finem
361 604 578 661 imposuit
600 618 801 661 pugnae,
823 605 1088 660 fessumque
1115 605 1291 647 Dareta

82 676 276 733 Eripuit,
298 678 506 721 mulcens
528 676 678 732 dictis,
701 691 756 720 ac
777 677 888 721 talia
909 677 1030 720 fatur
1050 692 1059 721 :

83 749 262 805 Infelix,
295 764 415 807 quae
436 758 566 794 tanta
586 749 793 792 animum
815 749 1051 793 dementia
1073 747 1195 805 cepit
1213 748 1231 793 ?

84 824 192 866 Non
212 821 332 866 vires
354 822 469 866 alias
491 836 808 878 conversaque
829 821 1022 865 numina
1043 820 1187 865 sentis
1205 821 1224 865 ?

82 895 208 939 Cede
229 894 334 938 deo.
396 894 620 951 Dixitque
643 902 686 938 et
709 893 884 951 praelia
905 907 1018 937 voce
1042 892 1238 936 diremit.

79 969 165 1011 Ast
187 967 314 1011 illum
338 967 415 1011 fidi
438 968 670 1025 aequales,
692 981 845 1022 genua
866 980 1008 1022 aegra
1029 966 1305 1020 trahentem,

77 1041 431 1098 Jactantemque
453 1048 648 1097 utroque
669 1047 821 1097 caput,
848 1053 1148 1096 crassumque
1172 1053 1381 1082 cruorem

80 1113 174 1156 Ore
195 1112 471 1170 ejectantem
492 1113 748 1169 mistosque
771 1111 816 1155 in
839 1110 1065 1167 sanguine
1087 1111 1267 1165 dentes,

76 1188 268 1230 Ducunt
289 1186 351 1230 ad
371 1200 514 1240 naves
535 1202 546 1239 ;
577 1187 851 1242 galeamque
873 1198 1124 1242 ensemque
1145 1183 1297 1228 vocati

77 1257 326 1316 Accipiunt
346 1275 359 1312 ;
390 1259 595 1316 palmam
618 1258 804 1300 Entello
826 1265 1100 1313 taurumque
1121 1255 1397 1312 relinquunt.

81 1331 172 1374 Hic
194 1331 356 1386 victor,
377 1345 600 1388 superans
623 1330 789 1374 animis
811 1337 1036 1385 tauroque
1058 1329 1301 1386 superbus,

80 1405 204 1448 Nate
225 1404 326 1459 dea,
351 1418 524 1461 vosque
545 1404 675 1456 haec,
697 1402 857 1459 inquit,
881 1401 1147 1457 cognoscite
1170 1402 1356 1456 Teucri,

79 1478 140 1521 Et
162 1476 276 1520 mihi
299 1491 418 1534 quae
440 1476 605 1520 fuerint
619 1474 823 1532 juvenali
847 1474 893 1517 in
916 1488 1107 1531 corpore
1129 1473 1268 1529 vires,

79 1550 139 1595 Et
161 1565 254 1608 qua
275 1549 466 1593 servetis
488 1558 754 1592 revocatum
779 1544 805 1591 a
827 1555 975 1591 morte
1000 1548 1188 1590 Dareta.

19 1636 22 1637 ⁷
80 1623 224 1678 Dixit,
243 1631 288 1666 et
310 1623 491 1666 adversi
515 1631 675 1665 contra
698 1620 823 1664 stetit
845 1635 926 1663 ora
942 1619 1146 1677 juvenci,

79 1695 169 1751 Qui
193 1696 366 1740 donum
388 1696 603 1738 adstabat
628 1708 824 1751 pugnae,
841 1694 1071 1750 durosque
1095 1692 1286 1736 reducta

79 1769 282 1814 Libravit
304 1770 465 1812 dextra
487 1768 642 1823 media
664 1767 782 1811 inter
803 1780 976 1810 cornua
998 1774 1179 1809 caestus

76 1843 274 1896 Arduus,
298 1842 579 1903 effractoque
600 1839 724 1883 illisit
748 1839 794 1882 in
816 1853 925 1882 ossa
947 1839 1149 1882 cerebro.

17 1952 20 1953 γ
79 1915 308 1958 Sternitur
327 1913 642 1971 exanimisque
665 1924 867 1956 tremens
890 1910 1149 1968 procumbit
1173 1910 1300 1953 humi
1322 1911 1421 1955 bos.

1 1993 6 1997 ”
31 2008 34 2010 ’
82 1989 163 2031 Ille
187 2002 323 2043 super
345 1987 460 2030 tales
480 1973 676 2029 'effundit
699 1979 886 2041 pectore
908 1979 1048 2028 voces
1071 1999 1080 2027 :

81 2051 218 2104 Hanc
240 2059 341 2114 tibi,
359 2060 496 2115 Eryx,
521 2058 757 2102 meliorem
780 2056 985 2100 animam
1011 2070 1090 2111 pro
1113 2063 1261 2098 morte
1286 2056 1475 2114 Daretis

31 2143 34 2145 ’
83 2135 141 2177 Pe
168 2132 328 2188 solve:
360 2120 435 2175 h'ic
458 2126 604 2174 victor
625 2138 807 2174 caestus
830 2138 1069 2185 artemque
1092 2116 1285 2186 repono.

63 2149 362 2288 sttrotinus
372 2196 556 2248 AenEas
580 2200 717 2247 celeri
739 2211 914 2248 certare
937 2202 1106 2257 sagitta

83 2279 251 2324 Invitat
286 2292 364 2336 qui
388 2278 503 2321 forte
524 2277 679 2330 velint,
703 2283 747 2319 et
770 2274 976 2332 praemia
999 2274 1128 2329 dicit,

82 2350 355 2420 Ingentique
377 2346 517 2392 manu
540 2349 712 2391 malurn
735 2347 794 2390 de
816 2360 934 2390 nave
959 2346 1130 2390 Seresti
1175 2402 1198 2412 .

0 2437 4 2440 ·
41 2461 46 2464 .
79 2389 243 2480 Erigit,
264 2432 307 2467 et
332 2406 562 2481 vffiluqrem
584 2418 776 2488 trajectb
797 2420 858 2462 in
850 2420 972 2462 fune
996 2412 1275 2474 columbam,
1373 2425 1400 2452 V

80 2499 184 2555 Quo
205 2497 398 2542 tendant
419 2495 603 2548 ferrum,
626 2483 751 2536 malo
773 2492 1015 2548 suspendit
1037 2491 1096 2535 ab
1119 2490 1265 2543 alto

79 2573 349 2638 Convenere
370 2566 467 2622 viri,
485 2567 808 2625 dejectamque
829 2578 967 2608 aerea
987 2572 1159 2608 sortem

79 2641 320 2700 Accepit,³
293 2641 460 2694 calea3
493 2648 538 2684 et
559 2639 734 2697 primus
757 2638 959 2682 clamore
983 2633 1189 2681 secundo
1264 2686 1281 2696 a

36 2739 44 2743 -
82 2715 366 2769 Hyrtacidae
386 2727 496 2758 ante
518 2726 593 2755 on.
595 2726 678 2755 nes
700 2710 793 2755 exit
816 2711 943 2754 locus
969 2706 1312 2767 Hippocoontis
1332 2726 1343 2756 ι

79 2784 231 2845 Ωυέῐῐι
253 2774 395 2831 ῑῐιοάὅ
414 2785 566 2829 navali
602 2783 879 2827 Mnestheus
902 2782 1155 2827 certamine
1177 2778 1323 2828 victor

79 2859 403 2919 Consequitur,
422 2857 558 2902 viridi
583 2856 859 2901 Mnestheus
880 2856 1090 2900 evinctus
1111 2856 1244 2901 oliva.

80 2933 261 2978 Tertius
283 2933 525 2987 Eurytion,
547 2938 665 2982 tuus,
688 2943 717 2973 o
738 2928 1009 2983 clarissime,
1030 2929 1181 2983 frater,

80 3005 306 3061 Pandare,
327 3004 403 3062 qui
427 3003 682 3062 quondam,
706 3002 858 3058 jussus
882 3001 1165 3045 confundere
1186 3001 1363 3057 foedus,

81 3081 134 3127 ln
154 3077 336 3123 medios
358 3078 500 3123 telum
521 3074 693 3120 torsisti
718 3074 894 3132 primus
920 3074 1133 3118 Achivos.

1737 175 1800 222 37

1715 383 1803 425 460

1719 747 1801 801 465

1718 1122 1806 1162 470

1720 1485 1802 1529 475

1718 1840 1806 1892 480

1718 2203 1802 2258 485

1717 2939 1800 2986 495
