2054 3266
149 227 211 274 42
581 239 622 273 r.
661 238 865 272 numm
914 238 1134 272 nunonis
1172 237 1433 272 Anninus,

205 365 266 407 At
289 370 459 406 matres
482 361 630 418 primo
651 360 878 418 ancipites
901 361 1137 418 oculisque
1161 360 1377 417 malignis

148 435 407 491 Ambiguae
430 443 639 490 spectare
661 441 784 477 rates
806 433 1025 477 miserum
1050 433 1165 476 inter
1187 446 1393 477 amorem
1775 431 1867 491 655

153 507 413 551 Praesentis
436 515 583 551 terrae
607 505 806 564 fatisque
825 506 1043 549 vocantia
1066 519 1208 560 regna
1229 521 1239 550 z

149 581 302 636 Quum
325 581 414 623 dea
436 593 485 622 se
508 578 695 636 paribus
718 593 798 636 per
820 579 998 622 caelum
1022 577 1202 621 sustulit
1227 578 1312 622 alis

150 655 487 709 Ingentemque
510 651 618 707 fuga
641 651 786 695 secuit
810 651 895 694 sub
917 650 1117 694 nubibus
1140 665 1314 695 arcum.

146 727 266 768 Tum
290 738 397 767 vero
419 724 643 767 attonitae
666 724 885 766 monstris
907 731 1131 779 actaeque
1155 722 1307 766 furore

147 799 464 850 Conclamant,
489 795 763 852 rapiuntque
786 795 900 839 focis
922 796 1234 852 penetralibus
1257 795 1411 850 ignem
1430 809 1441 841 :
1779 793 1871 841 660

148 872 257 913 Pars
281 869 480 926 spoliant
503 882 622 922 aras,
644 868 857 911 frondem
877 881 932 911 ao
952 866 1150 923 virgulta
1170 867 1390 924 facesque

145 941 406 999 Conjiciunt
426 955 435 984 ε
459 941 564 984 furit
587 939 808 984 immissis
830 940 1066 983 Vulcanus
1088 939 1284 983 habenis

144 1016 369 1059 Transtra
391 1027 472 1071 per
495 1021 539 1057 et
563 1027 715 1056 remos
738 1021 783 1057 et
806 1012 955 1069 pictas
978 1011 1132 1056 abiete
1155 1026 1348 1069 puppes.

204 1087 408 1130 Nuntius
430 1084 666 1128 Anchisae
688 1084 749 1128 ad
772 1083 999 1128 tumulum
1021 1097 1286 1141 cuneosque
1309 1084 1478 1128 theatri

149 1161 368 1203 Incensas
391 1158 559 1215 perfert
584 1171 725 1201 naves
749 1157 971 1200 Eumelus
993 1164 1039 1200 et
1062 1155 1148 1213 ipsi
1781 1156 1867 1216 665

151 1231 414 1287 Respiciunt
436 1239 584 1274 atram
606 1229 652 1273 in
674 1229 833 1272 nimbo
854 1228 1046 1272 volitare
1069 1228 1284 1272 favillam.

154 1304 333 1348 Primus
355 1313 399 1349 et
421 1304 667 1358 Ascanius,
693 1318 852 1348 cursus
874 1313 923 1348 ut
946 1305 1095 1348 laetus
1117 1312 1353 1361 equestres

145 1383 372 1435 Ducebat,
396 1380 461 1425 sic
484 1393 590 1424 acer
611 1392 731 1436 equo
752 1378 938 1422 turbata
958 1375 1120 1435 petivit

144 1456 324 1507 Castra,
344 1467 430 1497 nec
452 1452 687 1496 exanimes
710 1458 903 1508 possunt
924 1449 1122 1494 retinere
1144 1448 1367 1506 magistri.

144 1528 258 1583 Quis
282 1528 405 1569 furor
427 1525 512 1569 iste
534 1524 714 1567 novus?
743 1537 836 1580 quo
858 1536 996 1576 nunc,
1023 1537 1114 1579 quo
1138 1522 1341 1575 tenditis,
1366 1521 1527 1579 inquit,
1778 1520 1868 1576 670

148 1599 251 1640 Heu
275 1596 472 1639 miserae
495 1593 652 1638 cives?
673 1606 765 1636 non
788 1593 971 1635 hostem
993 1591 1271 1645 inimicaque
1294 1600 1448 1635 castra

144 1669 367 1725 Argivum
389 1683 398 1719 ;
431 1661 609 1710 v'estras
628 1678 734 1721 spes
756 1663 899 1707 uritis.
965 1664 1039 1706 En
1061 1677 1148 1719 ego
1171 1672 1322 1707 vester

143 1741 373 1785 Ascanius
394 1742 402 1782 !
468 1739 663 1782 Galeam
685 1745 791 1781 ante
815 1737 958 1793 pedes
979 1735 1172 1793 projecit
1197 1736 1399 1791 inanem,

146 1811 251 1866 Qua
273 1809 380 1853 ludo
405 1808 592 1851 indutus
614 1806 721 1850 belli
745 1805 992 1850 simulacra
1015 1805 1179 1849 ciebat.

144 1883 385 1926 Accelerat
411 1881 545 1924 simul
569 1881 770 1932 Aeneas,
793 1878 927 1921 simul
950 1877 1139 1933 agmina
1162 1878 1411 1932 Teucrum,
1781 1876 1867 1936 675

144 1957 230 1999 Ast
253 1955 357 1998 illae
379 1953 562 1996 diversa
584 1961 709 1994 metu
735 1964 816 2007 per
838 1950 972 1993 litora
994 1949 1170 2006 passim

146 2025 423 2080 Diffugiunt,
450 2024 682 2079 silvasque
704 2030 749 2066 et
772 2021 916 2064 sicubi
941 2035 1146 2065 concava
1168 2022 1322 2066 furtim

147 2097 270 2141 Saxa
292 2104 451 2151 petunt
472 2110 482 2146 ;
517 2093 642 2149 piget
672 2090 842 2147 incepti
865 2091 1087 2147 lucisque,
1110 2104 1312 2148 suosque

148 2169 357 2211 Mutatae
379 2166 685 2220 adgnoscunt,
708 2176 992 2218 excussaque
1016 2170 1200 2218 pectore
1222 2164 1342 2218 Juno
1365 2171 1447 2207 est.

147 2241 239 2285 Sed
262 2253 354 2282 non
378 2237 549 2281 idcirco
573 2236 789 2279 flammae
811 2243 950 2291 atque
973 2234 1186 2277 incendia
1207 2234 1327 2278 vires
1782 2233 1872 2280 680

148 2311 406 2356 Indomitas
430 2322 623 2366 posuere
645 2322 654 2351 :
687 2306 781 2350 udo
803 2307 888 2349 sub
911 2307 1075 2349 robore
1097 2306 1208 2350 vivit

147 2387 325 2441 Stuppa
348 2396 538 2425 vomens
561 2380 744 2423 tardum
766 2379 957 2433 furnum,
981 2380 1223 2435 lentusque
1247 2379 1430 2424 carinas

146 2460 231 2501 Est
255 2470 412 2512 vapor,
435 2463 479 2498 et
504 2462 598 2497 toto
621 2451 861 2496 descendit
884 2465 1076 2501 corpore
1100 2452 1260 2509 pestis,

150 2533 189 2573 N
197 2544 249 2573 ec
272 2529 390 2571 vires
414 2528 605 2570 heroum
626 2511 871 2581 infusaque
894 2522 1083 2568 flumina
1104 2534 1308 2580 prosunt

204 2604 323 2645 Tum
347 2602 448 2658 pius
471 2602 655 2643 Aeneas
677 2597 882 2641 humeris
904 2597 1178 2640 abscindere
1200 2606 1391 2651 vestem,
1782 2596 1869 2654 685

147 2675 420 2731 Auxilioque
442 2687 604 2715 vocarc⁸
628 2672 755 2723 deos,
778 2680 821 2712 et
844 2671 1032 2713 tendere
1056 2671 1234 2725 palmas
1256 2686 1266 2713 z

147 2747 323 2804 Jupiter
345 2744 652 2799 omnipotens,
678 2742 713 2785 si
739 2741 946 2784 nondum
968 2754 1135 2784 exosus
1158 2741 1218 2784 ad
1241 2755 1380 2785 unum

147 2819 389 2875 Trojanos‚
412 2816 448 2859 si
473 2815 582 2872 quid
607 2814 754 2871 pietas
776 2813 966 2869 antiqua
988 2813 1171 2856 labores
1199 2871 1202 2873 Δ

148 2890 357 2947 Respicit
391 2890 636 2936 humanos,
668 2887 729 2929 da
751 2886 990 2928 flammam
1012 2881 1209 2928 evadere
1231 2885 1370 2929 classi

150 2965 302 3017 Nunc,
328 2970 473 3018 pater,
499 2968 543 3003 et
567 2967 728 3003 tenues
752 2959 984 3002 Teucrum
1006 2970 1079 3001 res
1101 2957 1229 3014 eripe
1250 2957 1354 3001 leto.
1781 2958 1872 3014 690

146 3037 230 3079 Vel
255 3045 316 3086 tu,
339 3033 462 3091 quod
485 3038 710 3088 superest,
731 3029 899 3073 infesto
921 3028 1111 3073 fulmine
1132 3029 1285 3085 morti,

147 3108 194 3152 Si
219 3120 412 3159 mereor,
443 3103 653 3157 demitte,
688 3111 857 3159 tuaque
878 3101 952 3145 hic
977 3102 1118 3145 obrue
1141 3102 1312 3145 dextra.
1338 3103 1358 3144 J
