2054 3266
163 213 223 260 38
595 225 636 258 ι».
674 223 877 257 numm
928 222 1149 256 annonis
1185 220 1451 254 Anussioos.

140 393 144 401 ,
164 351 407 393 Extremus
429 348 655 405 galeaque
677 346 770 390 ima
793 344 1002 389 subsedit
1033 344 1241 398 Acestes,

98 432 101 437 “
164 426 314 466 Ausus
336 431 381 465 et
404 421 503 478 ipse
526 434 663 464 manu
682 419 904 476 juvenum
927 426 1104 462 tentare
1124 417 1345 461 laborem.

220 495 341 536 Tum
362 493 527 535 validis
551 492 691 535 flexos
716 491 954 534 incurvant
976 488 1150 532 viribus
1181 502 1315 532 arcus
1803 496 1882 544 soc

167 569 252 610 Pro
274 580 323 610 se
347 565 541 623 quisque
563 564 646 608 viri
669 572 713 608 et
736 564 1013 620 depromunt
1036 562 1127 605 tela
1150 559 1388 617 pharetris.

169 640 409 696 Primaque
428 651 508 695 per
529 637 708 682 caelum
731 650 873 679 nervo
896 635 1119 678 stridente
1151 633 1323 690 sagitta

167 711 450 768 Hyrtacidae
465 708 648 768 juvenis
670 709 878 752 volucres
901 708 1161 751 diverberat
1193 719 1329 750 auras
1350 721 1362 761 ς

170 787 228 829 Et
250 784 392 838 venit,
417 782 692 839 adversique
714 780 916 836 infigitur
938 781 1101 824 arbore
1123 779 1246 823 mali.

165 857 403 902 Intremuit
427 856 589 908 malus,
612 853 855 911 timuitque
877 852 1091 896 exterrita
1114 852 1277 909 pennis
1592 880 1614 930 8
1711 880 1721 924 Ε
1753 860 1885 930 ῆῧος

162 933 286 985 Ales,
308 939 352 974 et
378 928 549 985 ingenti
575 935 826 971 sonuerunt
849 925 1003 969 omnia
1028 926 1204 982 plausu.
1222 892 1485 974 ‘ww
1525 889 1560 965 ¹²
1612 871 1668 963 β’

167 1007 274 1047 Post
296 1016 401 1047 acer
427 1000 700 1045 Mnestheus
723 999 926 1042 adducto
948 998 1151 1042 constitit
1176 1011 1298 1052 arcu,

162 1079 269 1121 Alta
291 1085 468 1134 petens,
490 1073 751 1131 pariterque
774 1072 932 1115 oculos
954 1073 1188 1128 telumque
1211 1069 1420 1115 tetendit.

162 1153 246 1194 Ast
268 1149 417 1206 ipsam
440 1146 731 1190 miserandus
750 1158 883 1188 avem
907 1144 1174 1199 contingere
1197 1143 1317 1187 ferro

165 1226 271 1267 Non
293 1221 433 1265 valuit
453 1236 463 1273 ;
497 1219 646 1263 nodos
667 1225 713 1262 et
735 1216 918 1260 vincula
935 1216 1056 1259 linea
1079 1216 1213 1272 rupit,
1805 1225 1890 1271 510

162 1297 276 1352 Quis
300 1295 465 1338 innexa
487 1292 654 1349 pedem
676 1290 800 1333 malo
822 1290 1055 1346 pendebat
1078 1290 1136 1332 ab
1159 1289 1280 1342 alto;

165 1367 248 1409 llla
273 1366 423 1408 Notos
446 1371 584 1419 atque
607 1369 707 1403 atra
729 1359 890 1402 volans
914 1358 959 1402 in
983 1359 1140 1402 nubila
1162 1358 1288 1414 fugit.

162 1440 280 1481 Tum
303 1435 504 1493 rapidus,
522 1432 799 1489 jamdudum
821 1445 929 1474 arcu
953 1439 1171 1474 contenta
1194 1439 1356 1487 parato

162 1512 275 1556 Tela
296 1521 473 1562 tenens,
498 1508 684 1550 fratrem
708 1504 934 1560 Eurytion
957 1505 1001 1547 in
1028 1513 1134 1548 vota
1157 1503 1354 1558 vocavit,

162 1587 265 1642 Jam
286 1597 433 1626 vacuo
456 1582 625 1624 laetam
648 1579 777 1623 caelo
800 1577 1080 1634 speculatus,
1105 1584 1149 1620 et
1173 1575 1258 1620 alis
1806 1585 1885 1632 5¹5

164 1657 466 1702 plaudentem
489 1653 622 1709 nigra
645 1652 739 1708 figit
764 1651 849 1694 sub
871 1650 994 1693 nube
1026 1650 1302 1694 columbam.

164 1729 349 1775 Decidit
372 1728 610 1780 exanimis,
634 1725 867 1781 vitamque
890 1722 1072 1779 reliquit
1095 1722 1140 1765 in
1164 1720 1301 1765 astris

163 1801 406 1855 Aetheriis,
430 1801 658 1856 fixamque
684 1797 817 1840 refert
841 1796 1033 1851 delapsa
1057 1795 1287 1850 sagittam.

221 1876 406 1919 Amissa
427 1873 552 1917 solus
575 1872 732 1928 palma
754 1869 1002 1926 superabat
1024 1869 1219 1911 Acestes
1242 1881 1254 1911 ε

163 1950 253 2005 Qui
286 1958 442 1992 tamen
465 1944 615 1988 aerias
637 1943 779 1986 telum
802 1940 1040 1986 contendit
1063 1940 1108 1983 in
1131 1952 1283 1994 auras,
1585 1991 1591 1995 ¹
1805 1947 1890 1995 5²0

163 2024 418 2067 Ostentans
440 2027 681 2073 artemque
703 2023 833 2072 pater
854 2026 1104 2069 arcumque
1127 2019 1383 2056 sonantem.
1883 2002 1890 2010 '

164 2096 256 2140 Hic
277 2092 422 2138 oculis
446 2090 646 2134 subitum
669 2086 882 2144 objicitur
905 2098 1167 2142 magnoque
1189 2084 1391 2127 futurum

163 2168 365 2225 Augurio
386 2172 643 2209 monstrum
664 2177 672 2205 ε
705 2160 862 2204 docuit
885 2168 989 2216 post
1009 2157 1156 2202 exitus
1179 2157 1360 2212 ingens,

163 2244 368 2296 Seraque
390 2234 575 2281 terrifici
598 2232 862 2278 cecinerunt
886 2230 1042 2273 omina
1063 2237 1205 2272 vates.

165 2314 382 2368 Namque
402 2308 563 2352 volans
585 2303 772 2362 liquidis
794 2302 839 2346 in
863 2301 1062 2345 nubibus
1084 2298 1412 2355 arsit·arundo,
1803 2309 1885 2356 5²5

165 2383 467 2441 signavitque
489 2379 612 2423 viam
635 2376 848 2430 flammis,
873 2385 1125 2431 tenuesque
1158 2373 1347 2417 recessit

166 2459 454 2512 Consumpta
476 2452 522 2497 in
544 2459 708 2496 ventos
731 2466 741 2503 ;
775 2449 902 2493 caelo
926 2461 1008 2490 ceu
1032 2459 1172 2503 saepe
1194 2445 1335 2489 refixa

164 2533 503 2574 Transcurrunt
524 2523 793 2579 crinemque
814 2519 1018 2564 volantia
1039 2519 1193 2563 sidera
1212 2518 1386 2562 ducunt

132 2578 386 2650 Attonitis
408 2600 601 2642 haesere
622 2595 804 2649 animis,
828 2606 1111 2649 superosque
1133 2591 1307 2648 precati

165 2673 391 2720 Trinacrii
414 2670 674 2726 Teucrique
696 2667 779 2711 viri
801 2682 811 2711 :
835 2679 921 2710 nec
942 2664 1171 2708 maximus
1193 2677 1330 2706 omen
1804 2672 1887 2720 33„

169 2748 344 2793 Abnuit
368 2748 552 2789 Aeneas
573 2760 583 2797 ;
617 2742 699 2786 sed
731 2742 900 2784 laetum
926 2739 1165 2794 amplexus
1186 2738 1391 2780 Acesten

167 2819 440 2867 Muneribus
462 2815 665 2860 cumulat
686 2811 881 2868 magnis,
899 2824 954 2855 ac
977 2809 1088 2854 talia
1109 2809 1230 2852 fatur
1251 2823 1261 2853 z

225 2896 380 2945 Sume,
397 2899 528 2948 pater
546 2904 558 2942 ;
590 2901 699 2931 nam
720 2894 766 2930 te
788 2884 928 2927 voluit
952 2897 1030 2927 rex
1051 2895 1248 2938 magnus
1271 2880 1459 2938 Olympi

164 2966 360 3010 Talibus
380 2959 600 3018 auspiciis
623 2966 853 3002 exsortem
874 2956 1044 2999 ducere
1065 2955 1303 2998 honorem.

167 3038 320 3096 Ipsius
342 3033 574 3080 Anchisae
590 3028 801 3086 longaevi
825 3029 912 3071 hoc
936 3042 1102 3071 munus
1123 3025 1333 3080 babebis,
1803 3027 1885 3084 535

166 3113 358 3157 Cratera
379 3108 654 3161 impressum
677 3102 834 3158 signi5‚
858 3115 994 3158 quem
1021 3098 1246 3143 Thracius
1268 3096 1377 3140 olim
