2054 3266
656 163 695 199 Ρ.
733 164 936 197 vssufflm
986 163 1206 200 MARONIS
1244 165 1507 200 AENmDos.

221 286 333 330 Tres
356 285 493 341 Eryci
517 285 685 329 vitulos
706 293 752 330 et
775 286 1149 342 Tempestatibus
1172 301 1342 343 agnam

220 358 422 403 Caedere
445 359 613 401 de'nle
630 357 774 414 jubet,
797 358 1005 415 solvique
1027 372 1082 402 ex
1104 359 1265 403 ordine
1286 360 1454 405 funem.

220 432 343 489 Ipse,
367 441 505 488 caput
527 440 689 475 tonsae
712 430 831 474 foliis
855 431 1061 475 evinctus
1085 432 1248 484 olivae,

219 504 356 547 Stans
379 504 536 560 procul
559 502 606 546 in
627 517 763 560 prora
784 512 993 560 pateram
1014 512 1155 558 tenet,
1181 514 1377 563 extaque
1400 508 1546 551 salsos

219 574 407 620 Porricit
429 576 475 619 in
498 576 663 619 fluctus
685 590 741 619 ac
761 575 871 619 vina
892 575 1114 632 liquentia
1137 578 1298 621 fundit.

218 648 512 705 Prosequitur
532 662 724 704 surgens
742 663 768 690 a
790 649 931 705 puppi
954 657 1115 693 ventus
1138 659 1297 694 cuntes
1319 667 1327 694 :

217 717 438 762 Certatim
461 717 574 762 socii
595 717 760 761 feriunt
784 732 911 761 mare
944 728 988 762 et
1010 733 1211 776 aequom
1233 730 1429 765 verrunt.

269 791 332 835 At
354 791 512 834 Venus
534 790 711 833 interea
737 791 1006 847 Neptunum
1029 792 1228 835 exercita
1250 793 1369 837 curis

214 862 485 920 Alloquitur,
506 863 713 919 talesque
735 863 927 906 effundit
950 872 1136 919 pectore
1158 874 1346 921 questus
1370 882 1380 910 ε

212 936 404 991 Junonis
426 935 579 991 gravis
602 935 670 978 ira
691 949 840 992 neque
864 937 1170 979 exsaturabile
1194 947 1353 993 pectus

213 1006 396 1060 Cogunt
418 1019 508 1057 me,
538 1005 768 1060 Neptune,
794 1019 953 1061 preces
977 1005 1260 1049 descendere
1285 1007 1327 1050 in
1353 1023 1514 1053 omnes
1538 1028 1547 1063 ;

212 1075 365 1129 Quam
386 1088 473 1118 ηερ
496 1075 634 1129 longa
656 1073 770 1125 dies,
792 1074 941 1129 pietas
963 1089 1049 1118 nec
1072 1076 1252 1131 mitigat
1275 1078 1378 1130 ulla,

212 1148 254 1189 N
261 1161 314 1190 ερ
336 1148 463 1202 Jovis
486 1146 677 1203 imperio
698 1143 895 1201 fatisque
911 1145 1108 1190 infracta
1129 1146 1335 1204 quiescit.

212 1221 319 1262 Non
341 1219 496 1262 media
518 1219 575 1262 de
596 1227 734 1274 gente
763 1219 994 1274 Phrygum
1018 1220 1226 1263 exedisse
1256 1222 1467 1266 nefandis

211 1294 388 1336 Urbem
410 1292 527 1336 odiis
551 1290 662 1335 satis
685 1300 768 1346 est,
792 1306 877 1335 nec
902 1306 1102 1346 poenam
1126 1302 1252 1336 traxe
1276 1309 1356 1350 per
1379 1310 1561 1341 omnem

210 1366 445 1423 Reliquias
468 1363 649 1421 Trojae,
675 1364 852 1408 cineres
876 1373 1014 1422 atque
1038 1380 1145 1408 ossa
1168 1377 1435 1424 peremptae

210 1439 481 1495 Insequitur.
548 1439 726 1480 Causas
750 1437 863 1481 tanti
889 1438 1002 1481 sciat
1028 1437 1104 1481 illa
1126 1439 1303 1484 furoris.

211 1513 315 1569 Ipse
337 1511 447 1554 mihi
475 1524 619 1567 nuper
643 1509 827 1566 Libycis
850 1518 897 1553 tu
919 1511 1050 1554 testis
1074 1511 1118 1553 in
1142 1511 1278 1555 undis

209 1585 362 1640 Quam
385 1584 555 1627 molem
578 1582 731 1626 subito
754 1583 941 1627 excierit
965 1598 974 1626 z
1009 1583 1154 1626 maria
1177 1585 1333 1627 omnia
1356 1587 1486 1631 caelo

210 1656 412 1711 Miscuit,
437 1655 612 1699 Aeoliis
634 1656 916 1712 nequiquam
938 1656 1053 1700 freta
1074 1644 1302 1714 procellis,

209 1732 262 1773 In
284 1729 437 1785 regnis
459 1729 549 1772 hoc
570 1742 684 1772 ausa
707 1728 810 1772 tuis.

212 1804 296 1845 Per
316 1802 480 1854 scelus,
502 1814 627 1856 ecce,
651 1799 789 1844 etiam
815 1800 1028 1858 Trojanis
1052 1801 1276 1846 matribus
1299 1803 1412 1848 actis

210 1874 397 1918 Exussit
419 1874 554 1918 foede
576 1887 770 1930 puppes,
792 1882 836 1917 et
860 1873 1008 1917 classe
1031 1875 1213 1931 subegit

210 1947 394 1990 Amissa
416 1946 568 1991 socios
590 1945 778 2001 ignotae
801 1946 1005 2000 linquere
1028 1955 1188 1991 terrae.

207 2020 344 2076 Quod
367 2027 590 2076 superest,
613 2033 710 2072 oro,
735 2018 870 2061 liceat
894 2018 1004 2062 dare
1027 2027 1123 2062 tuta
1148 2034 1227 2076 per
1261 2022 1408 2066 undas

207 2093 322 2137 Vela
341 2091 437 2146 tibi,
461 2092 596 2135 liceat
622 2092 899 2134 Laurentem
930 2091 1156 2148 attingere
1179 2090 1419 2146 Thybrim,

208 2165 256 2210 Si
279 2178 502 2209 concessa
524 2172 644 2220 peto,
668 2162 707 2207 si
730 2163 841 2206 dant
864 2177 919 2207 ea
942 2164 1127 2208 moenia
1153 2166 1336 2209 Parcae.

263 2239 386 2280 Tum
410 2236 651 2281 Saturnius
672 2236 789 2280 haec
812 2236 1013 2280 domitor
1035 2238 1175 2281 maris
1203 2238 1346 2282 edidit
1369 2240 1446 2283 alti
1468 2255 1478 2285 t

209 2311 300 2354 Fas
322 2323 461 2354 omne
482 2317 567 2362 est,
590 2309 833 2365 Cytherea,
855 2309 971 2352 meis
995 2318 1040 2353 te
1063 2309 1205 2354 fidere
1229 2311 1396 2366 regnis,

208 2384 348 2429 Unde
367 2397 512 2439 genus
540 2380 688 2436 ducis,
716 2381 860 2425 merui
883 2363 1136 2446 quoque!
1128 2398 1266 2440 saepe
1288 2384 1463 2428 furores

208 2454 472 2513 Compi-essi
497 2463 541 2498 et
565 2455 740 2498 rabiem
765 2462 941 2497 tantam
964 2456 1172 2512 caelique
1195 2456 1441 2514 marisque.

209 2531 309 2574 Nec
331 2528 481 2572 minor
503 2528 547 2570 in
571 2527 717 2576 terris,
740 2528 981 2570 Xanthum
1006 2527 1336 2586 Simoentaque
1368 2538 1524 2583 testor,

184 2598 188 2600 “
207 2604 393 2645 Aeneae
415 2600 527 2644 mihi
551 2614 661 2643 cura
683 2599 760 2643 tui.
831 2601 985 2655 Quum
1010 2602 1151 2645 Troia
1172 2602 1379 2646 Achilles

208 2673 485 2718 Exanimata
509 2687 706 2730 sequens
728 2672 1003 2730 impingeret
1028 2674 1216 2729 agmina
1239 2674 1397 2730 muris,
1444 2669 1446 2671 ’

211 2746 358 2790 Millia
380 2746 524 2788 multa
545 2745 675 2789 daret
698 2747 804 2800 leto,
826 2756 1157 2804 gemerentque
1191 2748 1349 2804 repleti

207 2822 397 2865 Amnes.
420 2831 505 2861 nec
529 2817 728 2874 reperire
750 2818 872 2863 viam
895 2827 1032 2875 atque
1056 2820 1267 2863 evolvere
1291 2831 1446 2877 posset

211 2893 265 2936 In
286 2905 414 2935 mare
436 2905 485 2935 se
512 2891 741 2944 XanthuS,
778 2891 966 2935 Pelidae
989 2900 1098 2936 tunc
1125 2906 1214 2948 ego
1235 2893 1339 2937 forti

209 2965 522 3020 Congressum
547 2967 752 3006 Aeneam
775 2977 859 3006 nec
881 2962 954 3008 dis
976 2978 1061 3008 nec
1083 2964 1255 3008 viribus
1277 2967 1437 3023 aequis

211 3036 351 3081 Nube
371 3048 488 3080 cava
507 3034 656 3093 rapui,
689 3048 908 3092 cuperem
928 3049 1071 3092 quum
1094 3046 1270 3081 vertere
1291 3038 1351 3082 ab
1374 3038 1466 3083 imo

1877 159 1937 206 45

1852 521 1936 572 776

1851 1237 1932 1290 785

1853 1610 1938 1655 790

1855 1972 1937 2020 795

1856 2327 1943 2369 800

1857 2690 1941 2745 805

1860 3011 1946 3053 810
