2054 3266
229 487 321 546 ·Ρ.
372 484 758 544 VERGILI
823 485 1250 544 MARONIS
1302 478 1805 541 AENEIDOS.

848 662 1098 706 LIBER
1147 661 1212 707 V.

168 1041 352 1085 Interea
372 1041 576 1085 medium
600 1042 786 1084 Aeneas
805 1040 899 1098 jam
925 1040 1075 1084 classe
1098 1039 1286 1082 tenebat

166 1112 332 1156 Certus
354 1112 452 1166 iter,
475 1113 734 1169 fluctusque
756 1122 881 1156 atros
905 1112 1122 1168 aquilone
1145 1110 1348 1163 secabat,

165 1184 358 1229 Moenia
377 1185 644 1242 respiciens,
668 1200 786 1242 quae
804 1186 901 1242 jarn
926 1183 1120 1227 infelicis
1144 1183 1327 1226 Elissae

165 1257 405 1301 Collucent
427 1258 640 1301 flammis.
668 1259 799 1312 Quae
822 1267 1002 1301 tantum
1025 1255 1289 1300 accenderit
1312 1255 1482 1310 ignem,

166 1330 318 1373 Causa
333 1331 445 1375 latet
466 1346 476 1383 3
508 1331 609 1374 duri
633 1345 805 1386 magno
828 1331 909 1373 sed
933 1343 1091 1373 amore
1113 1329 1297 1372 dolores
1876 1332 1897 1379 5

165 1403 359 1458 Polluto‚
382 1412 649 1460 notumque,
673 1404 828 1446 furens
850 1403 962 1460 quid
984 1401 1157 1445 femina
1179 1401 1341 1458 possit,

163 1475 315 1519 Triste
336 1490 418 1532 per
439 1476 679 1532 augurium
704 1477 990 1519 Teucrorum
1013 1483 1201 1531 pectora
1223 1474 1409 1516 ducunt.

224 1549 289 1591 Ut
312 1548 502 1605 pelagus
524 1557 711 1592 tenuere
734 1556 870 1602 rates,
893 1561 980 1591 nec
997 1547 1094 1602 jarn
1117 1545 1315 1602 amplius
1339 1545 1431 1587 ulla

165 1619 377 1664 Occurrit
399 1621 547 1674 tellus,
570 1619 718 1663 maria
741 1619 943 1676 undique
967 1627 1010 1662 et
1032 1618 1234 1672 undique
1257 1618 1436 1661 caelum
1457 1632 1467 1668 3

165 1689 257 1733 Olli
279 1690 516 1733 caeruleus
538 1704 679 1746 supra
700 1698 838 1746 caput
860 1688 1038 1732 adstitit
1062 1688 1222 1742 imber,
1844 1695 1897 1727 10

165 1763 367 1806 Noctem
397 1762 692 1818 hiememque
725 1763 889 1815 ferens,
924 1770 969 1805 et
1001 1760 1224 1804 inhorruit
1256 1760 1382 1802 unda
1414 1758 1630 1810 tenebris.
1687 1755 1690 1758 ’

166 1836 274 1891 Ipse
295 1835 577 1891 gubernator
597 1834 739 1891 puppi
765 1834 1006 1877 Palinurus
1029 1834 1088 1876 ab
1111 1834 1236 1876 alta:

166 1907 302 1951 Heu.
293 1910 301 1939 ¹
323 1907 613 1974 quianam
576 1906 692 1950 tanti
715 1907 955 1950 cinxerunt
976 1906 1166 1950 aethera
1187 1904 1366 1947 nimbi?

165 1979 362 2034 Quidve,
382 1988 514 2036 pater
537 1956 771 2035 Neptune,
797 1979 970 2035 paras?
1032 1978 1108 2022 Sic
1130 1968 1300 2030 deinde
1322 1969 1501 2020 locutus

165 2051 393 2108 Colligere
415 2065 545 2095 arma
560 2050 706 2107 jubet,
729 2050 986 2107 validisque
1008 2049 1276 2093 incumbere
1298 2049 1450 2102 remis,
1843 2060 1890 2103 15

164 2124 477 2182 Obliquatque
498 2123 626 2168 sinus
648 2123 694 2167 in
717 2131 920 2175 ventum,
947 2136 1001 2166 ac
1023 2121 1132 2166 talia
1155 2122 1276 2165 fatur
1296 2137 1304 2165 :

166 2197 468 2254 Magnanime
490 2197 666 2250 Aenea,
683 2210 790 2249 non,
815 2195 852 2239 si
875 2195 988 2238 mihi
1009 2194 1188 2252 Jupiter
1210 2203 1370 2238 auctor

166 2269 418 2326 Spondeat‚
438 2269 529 2312 hoc
550 2282 734 2324 sperem
760 2268 943 2311 Italiam
966 2267 1233 2323 contingere
1257 2267 1398 2310 caelo.

167 2341 334 2385 Mutati
356 2349 621 2385 transversa
641 2342 840 2384 fremunt
863 2349 908 2384 et
929 2355 1121 2397 vespere
1143 2341 1203 2383 ab
1225 2348 1324 2382 atro

165 2416 459 2470 Consurgunt
481 2413 621 2467 venti,
646 2422 786 2470 atque
808 2413 854 2456 in
875 2413 1048 2456 nubem
1071 2413 1249 2468 cogitur
1269 2414 1359 2455 aer.
1450 2413 1502 2445 x
1528 2400 1538 2435 f
1837 2425 1891 2455 20

166 2489 268 2533 Nec
289 2502 374 2531 nos
396 2485 541 2530 obniti
564 2493 738 2538 contra,
756 2499 843 2528 nec
864 2484 1055 2528 tendere
1076 2493 1255 2527 tantum

164 2560 440 2605 Sufficimus.
467 2559 663 2615 Superat
687 2557 906 2614 quoniam
929 2557 1150 2610 Fortuna,
1174 2570 1435 2612 sequamur,

163 2634 361 2690 Quoque
381 2639 533 2685 vocat,
557 2640 791 2674 vertamus
813 2630 909 2673 iter.
975 2630 1078 2672 Nec
1109 2629 1243 2672 litora
1265 2629 1401 2684 longe

162 2705 283 2750 Fida
302 2718 406 2748 reor
426 2703 627 2746 fraterno
651 2702 815 2758 Erycis
838 2711 1088 2758 portusque
1114 2701 1308 2744 Sicanos
1331 2716 1342 2753 3

164 2778 211 2824 Si
234 2777 375 2822 modo
397 2775 480 2820 rite
503 2789 681 2819 memor
703 2784 884 2818 servata
906 2774 1121 2818 remetior
1142 2783 1278 2817 astra.
1832 2784 1885 2829 25

160 2851 282 2893 Tum
304 2848 406 2906 pius
427 2849 614 2891 Aeneas
635 2862 643 2890 :
678 2847 911 2903 Equidem
934 2847 1000 2890 sic
1022 2861 1212 2901 poscere
1234 2854 1399 2889 ventos

160 2920 442 2977 Jamdudum
464 2928 509 2963 et
532 2919 700 2963 frustra
722 2932 860 2963 cerno
883 2927 928 2962 te
951 2919 1142 2962 tendere
1165 2926 1336 2961 contra.

160 2993 318 3038 Flecte
340 2993 464 3037 viam
486 2992 611 3060 velis.
677 2994 750 3035 An
773 2991 830 3035 sit
854 2990 965 3034 mihi
989 2991 1161 3046 gratior
1181 2991 1290 3043 ulla,
1349 3002 1366 3014 ’-
