2054 3266
163 176 224 227 30
593 190 635 227 Ρ.
674 190 879 226 vicimum
918 190 1140 224 uARoms
1178 188 1442 223 Annuinos.

163 317 404 372 Sergestus
428 317 548 371 capit
573 324 677 358 ante
701 317 852 358 locum
876 315 1157 371 scopuloque
1182 313 1456 370 propinquat
1481 329 1488 356 :

163 389 264 432 Nec
286 399 381 432 tota
404 398 558 431 tamen
584 388 656 430 ille
681 388 802 443 prior
825 394 1076 443 praeeunte
1098 384 1272 439 carina,

164 462 297 504 Parte
319 461 440 517 prior
462 477 471 512 ;
506 469 681 516 partem
707 468 852 502 rostro
875 458 1040 515 premit
1063 459 1246 502 aemula
1275 457 1443 500 Pristis.

161 536 219 576 At
242 533 395 576 media
419 532 567 576 socios
592 532 809 575 incedens
832 545 949 574 nave
972 545 1053 587 per
1075 531 1199 586 ipsos

164 603 386 646 Hortatur
411 602 711 645 Mnestheus:
751 602 900 651 Nunc,
922 615 1042 643 nunc
1076 600 1296 655 insurgite
1318 598 1470 653 remis,

164 674 380 717 Hectorei
405 673 529 727 socii,
555 673 721 730 'I'rojae
743 687 858 729 quos
882 680 1003 715 sorte
1026 686 1241 728 suprema

162 746 323 801 Delegi
349 744 541 788 comites
563 761 573 797 ;
606 758 727 788 nunc
745 745 845 787 illas
869 744 1063 799 promite
1086 743 1221 803 vires,

163 817 298 860 Nunc
321 817 514 869 animos,
539 817 703 872 quibus
727 816 772 858 in
798 816 1005 858 Gaetulis
1040 816 1248 870 Syrtibus
1271 814 1354 866 usi,

163 890 383 946 Ionioque
408 890 534 942 mari,
562 889 836 945 Maleaeque
859 887 1134 944 sequacibus
1157 887 1304 931 undis.

161 963 269 1005 Non
296 963 393 1018 jam
419 962 565 1018 prima
585 970 690 1017 peto
717 962 1003 1013 Mnestheus,
1027 974 1178 1016 neque
1201 961 1383 1003 vincere
1405 967 1560 1010 cert0;

160 1035 452 1089 Quamquam
474 1048 502 1076 o
523 1034 675 1077 !—sed
695 1042 927 1088 superent,
948 1032 1113 1089 quibus
1132 1033 1232 1085 hoc,
1258 1036 1484 1088 Neptune,
1498 1030 1666 1075 dedisti
1691 1049 1701 1084 ;

160 1108 404 1150 Extremos
427 1106 597 1162 pudeat
621 1105 811 1148 rediisse
832 1121 839 1147 :
875 1106 962 1148 hoc
984 1104 1165 1158 vincite,
1189 1104 1327 1159 cives,

161 1180 220 1221 Et
243 1178 482 1234 prohibete
504 1177 645 1220 nefas.
710 1176 801 1219 Olli
826 1176 1077 1220 certamine
1100 1190 1282 1219 summo

162 1250 471 1293 Procumbunt
493 1265 500 1292 :
536 1249 676 1292 vastis
707 1249 862 1292 tremit
883 1248 1049 1292 ictibus
1073 1262 1207 1291 aerea
1229 1248 1412 1304 puppis,

161 1322 542 1379 Subtrahiturque
565 1323 714 1364 solum
734 1338 745 1374 3
777 1329 875 1364 turn
897 1322 1056 1364 creber
1078 1321 1306 1364 anhelitus
1329 1332 1453 1363 artus

159 1395 393 1452 Aridaque
416 1409 497 1437 ora
519 1394 664 1450 quatit
685 1409 693 1436 :
729 1394 869 1436 sudor
890 1393 987 1436 fluit
1011 1393 1212 1449 undique
1235 1393 1356 1436 rivis.

216 1467 382 1511 Attulit
406 1467 503 1523 ipse
526 1466 633 1509 viris
656 1474 865 1522 optatum
888 1480 1022 1509 casus
1045 1466 1281 1509 honorem.

162 1541 378 1597 Namque
402 1540 558 1582 furens
583 1539 722 1582 animi
745 1540 856 1582 dum
879 1553 1062 1595 proram
1085 1539 1144 1581 ad
1168 1552 1279 1581 saxa
1303 1539 1519 1593 suburget

164 1613 357 1656 Interior
380 1611 620 1669 spatioque
644 1611 766 1654 subit
791 1613 1030 1666 Sergestus
1054 1611 1240 1667 iniquo;

143 1678 325 1724 ¹*infelix
348 1683 469 1724 saxis
493 1681 537 1723 in
561 1679 933 1737 procurrentibus
958 1677 1121 1723 haesit.

162 1755 427 1797 Concussae
450 1763 621 1805 cauteS,
646 1761 688 1796 et
711 1761 847 1796 acuto
869 1753 914 1795 in
949 1752 1121 1796 murice
1144 1752 1256 1796 remi

161 1825 330 1869 obnixi
355 1839 586 1882 crepuere,
610 1825 816 1881 illisaque
840 1839 975 1881 prora
1007 1825 1238 1881 pependit.

162 1899 455 1954 Consurgunt
477 1906 658 1950 nautae,
681 1906 725 1941 et
749 1911 919 1953 magno
941 1897 1141 1941 clamore
1164 1906 1429 1941 morantur:

164 1971 490 2026 Ferratasques
513 1971 626 2014 udes
650 1979 693 2012 et
717 1978 852 2012 acuta
875 1970 1065 2026 cuspide
1089 1978 1251 2013 contos

162 2041 438 2168 Expedliunt,
462 2042 555 2084 frac
580 2055 733 2121 osque
746 2041 820 2206 Ιξ
824 2050 951 2112 unt‘
927 2042 972 2084 in
996 2041 1174 2097 gurgite
1198 2058 1218 2085 r
1249 2056 1362 2085 mos.

160 2090 390 2168 Kflael*
339 2127 389 2156 us
416 2050 820 2228 Μηε5ῑὶευ5,ξ
727 2127 778 2156 su
810 2087 1104 2170 cessuqfiess*⁶
1011 2087 1212 2182 acridff
1228 2128 1343 2169 1pso‚

161 2169 358 2240 Agmine
382 2200 559 2229 remoru
633 2185 795 2238 celeri,
794 2183 1051 2242 ventisque
1072 2142 1260 2240 vocatis,

164 2260 314 2301 Prona
337 2260 449 2314 petit
471 2273 528 2301 m
534 2258 617 2300 tria
639 2267 681 2301 et
706 2259 870 2313 pelago
893 2258 1092 2301 decurrit
1114 2266 1286 2314 aperto.

163 2332 324 2386 Qualis
348 2331 565 2388 spelunca
589 2331 738 2373 subito
761 2340 996 2374 commota
1017 2332 1248 2384 columba,

165 2404 248 2446 Cui
269 2405 434 2447 domus
457 2411 501 2446 et
524 2403 682 2445 dulces
706 2403 936 2446 latebroso
955 2403 1000 2446 in
1025 2400 1206 2459 pumice
1227 2404 1341 2459 nidi,

164 2479 326 2522 Fertur
347 2478 391 2520 in
415 2491 524 2520 arva
546 2478 720 2529 volans,
747 2477 1047 2533 plausumque
1071 2477 1286 2521 exterrita
1308 2477 1471 2533 pennis

165 2551 259 2593 Dat
281 2558 402 2593 tecto
425 2550 693 2605 ingentem;
726 2563 832 2592 mox
853 2563 960 2593 aere
983 2550 1112 2621 lapsa
1135 2550 1303 2606 quieto,

103 2611 144 2670 2⁰
164 2622 305 2665 Radit
324 2616 478 2706 iter-
431 2622 653 2701 liquidus]
678 2608 849 2696 celeres
858 2635 1022 2696 neque
1073 2618 1305 2664 ommovet
1328 2623 1459 2664 alas:

166 2687 240 2737 S'ic
268 2673 551 2759 Mr'i‘espheuS,
575 2635 842 2759 Slcffisaid‘
784 2693 806 2735 f
864 2707 892 2736 a
915 2707 992 2736 sec
1025 2702 1091 2735 tu
1111 2668 1238 2737 tlrnas
1258 2681 1417 2735 pristis

164 2768 411 2822 Aequorae:
418 2766 513 2811 ὡς
534 2765 658 2807 illam
681 2764 798 2807 fert
788 2779 800 2806 1
854 2772 985 2820 petus
1009 2765 1108 2820 ipse
1130 2765 1374 2811 volantem.

165 2839 225 2882 Et
243 2838 440 2894 primum
463 2838 507 2880 in
531 2837 719 2893 scopulo
742 2837 994 2880 luctantem
1017 2837 1184 2880 deserit
1207 2838 1300 2879 alto

166 2911 430 2965 Sergestum
462 2908 768 2965 brevibusque
790 2908 933 2962 vadis,
957 2910 1212 2965 frustraque
1235 2918 1476 2953 vocantem

165 2982 356 3035 Auxilia,
381 2991 425 3025 et
448 2980 601 3024 fractis
625 2980 882 3024 discentem
905 2995 1084 3024 currere
1108 2981 1258 3024 remis.

171 3056 282 3098 Inde
306 3055 439 3110 Gyan
464 3054 702 3111 ipsamque
727 3053 896 3109 ingenti
922 3056 1042 3096 mole
1068 3054 1360 3098 Chimaeram

1797 306 1875 366 185

1801 679 1874 726 190

1859 1022 1878 1042 ί,

1802 1045 1850 1085 1‘)

1797 1403 1877 1437 202

1800 1744 1883 1805 2εῇ

1794 2116 1878 2162 216

1798 2487 1879 2531 215

1798 2849 1881 2880 221·-
