2054 3266
549 145 589 183 P.
630 147 834 183 vamum
874 144 1094 183 MAitosis
1132 143 1396 183 AENEIDos.

120 271 162 314 N
167 285 220 316 ec
242 270 308 314 sic
332 270 552 314 immissis
573 271 760 327 aurigae
781 271 1008 314 undantia
1029 272 1127 315 lora

118 345 404 387 Concussere
421 343 543 400 jugis
568 344 792 400 pronique
814 343 860 386 in
883 345 1075 386 verbera
1098 344 1313 400 pendent.

116 418 236 459 Tum
259 417 421 473 plausu
442 415 718 473 fremituque
740 415 888 459 virum
911 416 1167 472 studiisque
1190 417 1425 459 faventum

116 490 353 533 Consonat
376 503 512 532 omne
534 503 711 542 nemus,
737 503 991 545 vocemque
1014 489 1190 532 inclusa
1212 490 1419 532 volutant

116 563 299 616 Litora3
332 562 498 619 pulsati
522 563 663 606 colles
686 563 888 605 clamore
911 564 1146 606 resultant.

114 635 287 691 Effugit
309 643 416 678 ante
438 633 553 678 alios
576 634 828 691 primisque
851 635 1048 678 elabitur
1069 635 1205 678 undis

111 708 316 751 Turbam
337 708 456 750 inter
475 706 800 763 fremitumque
824 707 950 763 Gyas
974 723 983 758 ;
1017 721 1154 763 quem
1173 707 1342 750 deinde
1367 707 1620 751 Cloanthus

112 780 421 837 Consequitur
441 780 605 822 melior
626 779 779 833 remis,
803 780 886 823 sed
909 780 1114 836 pondere
1137 779 1271 835 pinus

111 853 264 896 Tarda
285 861 423 896 tenet.
490 853 599 895 Post
620 852 706 895 hos
730 866 879 908 aequo
902 852 1168 895 discrimine
1195 854 1354 897 Pristis

111 927 458 981 Centaurusque
480 925 632 967 locum
653 925 846 966 tendunt
867 938 1083 980 superare
1106 924 1304 981 priorem
1331 943 1339 977 ;

109 999 168 1042 Et
184 1012 306 1041 nunc
331 997 490 1040 Pristis
512 997 651 1039 habet
672 1014 682 1050 ;
715 1011 837 1039 nunc
859 996 1030 1040 victam
1054 997 1270 1053 praeterit
1295 1000 1456 1054 ingens

108 1071 379 1120 Centaurus,
399 1083 522 1113 nunc
544 1083 636 1112 una
658 1070 824 1113 ambae
847 1068 1113 1126 junctisque
1135 1071 1343 1115 feruntur

112 1143 352 1188 Frontibus
374 1151 419 1187 et
441 1143 581 1198 longa
603 1143 783 1187 sulcant
808 1143 929 1186 vada
951 1144 1074 1186 salsa
1097 1144 1264 1187 carina.

159 1218 355 1273 Jamque
378 1215 748 1272 propinquabant
772 1216 961 1272 scopulo
984 1224 1250 1274 metamque
1272 1218 1491 1262 tenebant
1512 1236 1521 1271 ;

104 1290 255 1344 Quum
279 1288 493 1345 princeps
517 1287 762 1344 medioque
787 1288 913 1344 Gyas
937 1288 982 1331 in
1005 1289 1184 1344 gurgite
1207 1290 1353 1334 victor

104 1364 349 1405 Rectorem
370 1359 501 1404 navis
525 1361 771 1417 compellat
793 1375 906 1404 voce
932 1362 1184 1405 Menoeten
1206 1378 1213 1405 :

101 1436 205 1489 Quo
227 1443 406 1477 tanturn
427 1432 539 1476 mihi
563 1433 723 1476 dexter
745 1433 845 1476 abis
865 1434 881 1476 ?
912 1434 1001 1477 huc
1024 1434 1170 1489 dirige
1192 1449 1405 1490 gressum
1426 1452 1436 1489 3

101 1506 227 1550 Litus
248 1520 356 1549 ama
375 1522 384 1558 ;
417 1513 462 1549 et
483 1506 639 1548 laevas
663 1507 857 1561 stringat
880 1507 980 1549 sine
1003 1508 1205 1563 palmula
1228 1516 1384 1552 cautes
1405 1525 1414 1561 ;

97 1579 255 1623 Altum
277 1578 353 1622 alii
376 1586 575 1622 teneant.
642 1578 769 1622 Dixit
795 1595 803 1622 :
837 1579 919 1622 sed
942 1593 1083 1622 caeca
1108 1581 1351 1624 Menoetes

99 1654 220 1695 Saxa
240 1651 410 1695 timens
432 1665 617 1707 proram
639 1651 790 1707 pelagi
813 1652 1056 1708 detorquet
1079 1653 1138 1695 ad
1161 1653 1310 1696 undas
1334 1690 1341 1697 .

98 1724 201 1778 Quo
224 1724 431 1767 diversus
454 1723 588 1765 abis?
611 1722 790 1777 iterum,
816 1732 920 1780 pete
944 1739 1068 1777 saxa,
1096 1726 1354 1777 Menoetes,

97 1798 214 1839 Cum
236 1797 436 1839 clamore
461 1796 587 1851 Gyas
610 1797 859 1839 revocabat
882 1812 890 1839 :
926 1805 970 1840 et
993 1811 1100 1840 ecce
1126 1800 1132 1840 !
1170 1799 1449 1843 Cloanthum

97 1868 300 1925 Respicit
323 1868 573 1911 instantem
595 1876 740 1924 tergo,
763 1877 807 1912 et
830 1870 1047 1925 propiora
1068 1879 1316 1914 tenentem.

97 1941 178 1984 Ille
200 1941 317 1983 inter
339 1955 597 1997 navemque
622 1941 752 1996 Gyae
776 1943 1082 1999 scopulosque
1107 1953 1325 1987 sonantes

93 2012 233 2056 Radit
255 2012 341 2056 iter
362 2014 543 2055 laevum
565 2013 768 2067 interior,
794 2015 1039 2071 subitoque
1062 2015 1260 2072 priorem

94 2085 328 2139 Praeterit,
352 2093 397 2129 et
418 2084 554 2128 metis
578 2094 702 2129 tenet
725 2101 930 2142 aequora
950 2095 1050 2131 tuta
1071 2088 1254 2131 relictis.

90 2159 210 2200 Tum
231 2172 339 2201 vero
361 2157 532 2201 exarsit
547 2157 705 2214 juveni
728 2159 860 2202 dolor
881 2159 1063 2202 ossibus
1088 2159 1265 2215 ingens,

92 2231 193 2273 Nec
213 2229 415 2273 lacrimis
437 2245 626 2273 caruere
647 2245 809 2286 genae,
834 2246 1116 2288 segnemque
1143 2235 1405 2280 Menoeten.

90 2302 272 2346 Oblitus
295 2302 567 2358 decorisque
590 2303 658 2345 sui
682 2303 951 2360 soci'fimque
975 2305 1151 2358 salutis,

91 2374 143 2415 In
167 2387 293 2416 mare
314 2372 616 2429 praecipitem
637 2374 779 2430 puppi
804 2375 1017 2418 deturbat
1039 2376 1096 2418 ab
1120 2377 1224 2420 alta.

91 2447 196 2502 Ipse
215 2446 495 2501 gubernaclo
518 2453 667 2489 rector
689 2447 823 2496 subit,
848 2446 944 2502 ipse
967 2448 1203 2504 magister,

91 2519 402 2574 Hortaturque
426 2518 560 2572 viros,
584 2519 855 2575 clavumque
876 2517 936 2562 “ad
960 2520 1094 2563 litora
1114 2529 1309 2578 torquet.

86 2591 146 2633 At
166 2590 335 2646 gravis,
362 2599 409 2633 ut
431 2590 574 2633 fundo
597 2590 670 2633 vix
691 2591 881 2634 tandem
914 2593 1120 2636 redditus
1142 2594 1235 2637 imo
1257 2604 1340 2650 est,

83 2663 187 2717 Jam
209 2663 362 2706 senior
382 2662 659 2716 madidaque
683 2664 829 2706 fluens
852 2664 897 2707 in
919 2673 1047 2708 veste
1075 2668 1315 2710 Menoetes

86 2733 279 2776 Summa
299 2732 413 2789 petit
435 2734 626 2789 scopuli,
648 2735 862 2791 siccaque
885 2735 932 2778 in
955 2750 1065 2792 rupe
1088 2738 1268 2782 resedit.

85 2804 222 2848 Illum
241 2813 287 2848 et
309 2805 545 2848 labentem
567 2806 732 2848 Teucri
756 2816 801 2849 et
824 2807 965 2850 risere
986 2818 1238 2864 natantem,

83 2878 144 2920 Et
166 2878 314 2920 salsos
339 2877 487 2920 rident
511 2887 824 2921 revomentem
850 2888 1033 2935 pectore
1057 2882 1232 2925 fluctus.

142 2948 234 2992 Hic
255 2949 376 2992 laeta
399 2950 614 2992 extremis
637 2963 743 3005 spes
765 2959 833 2993 est
857 2965 1054 2995 accensa
1084 2954 1277 3008 duobus,

83 3020 298 3077 Sergesto
324 3021 662 3076 Mnestheique,
686 3022 819 3078 Gyan
843 3037 1056 3080 superare
1081 3035 1334 3070 morantem

1770 132 1836 184 29

1755 941 1828 984 Ι55

1748 1295 1827 1336 160

1742 1658 1817 1713 165

1735 2032 1816 2073 170

1729 2393 1804 2438 175

1724 2742 1803 2784 180
