2054 3266
174 208 235 256 28
609 224 650 258 ι».
691 224 1158 271 vnuoimjmzoms
1194 226 1290 258 Anu
1302 225 1458 261 mooe.

176 345 421 389 Excierat:
455 347 575 390 laeto
607 348 892 404 complerant
916 349 1050 392 litora
1071 359 1204 393 coetu

175 418 326 460 visuri
353 421 599 463 Aeneadas
625 437 634 470 ;
667 435 772 476 pars
789 429 833 464 et
856 432 1032 464 certare
1055 422 1216 476 parati.

172 490 369 532 Munera
392 490 619 547 principio
642 501 751 534 ante
772 493 932 535 oculos
954 493 1170 549 circoque
1193 494 1403 537 locantur

172 561 224 604 In
247 562 417 615 medio,
445 565 560 606 sacri
587 565 791 620 tripodes
814 565 1077 621 viridesque
1098 580 1314 622 coronae,
1824 578 1908 609 ιιο

182 634 242 676 Et
267 635 463 690 palmae,
487 636 683 691 pretium
707 636 957 679 victoribus
978 652 988 688 ;
1021 651 1256 694 armaque,
1278 646 1322 681 et
1345 647 1471 681 ostro

185 707 402 749 Perfusae
424 716 593 759 vestes,
618 708 794 764 argenti
819 709 1008 765 aurique
1030 710 1233 754 talenta:

173 779 228 821 Et
251 781 363 822 tuba
385 781 660 823 commissos
684 782 838 824 medio
863 782 986 825 canit
1009 796 1177 837 aggere
1201 782 1346 825 ludos

232 852 386 895 Prima
409 867 541 909 pares
565 853 720 896 ineunt
745 855 964 910 gravibus
987 856 1242 898 certamina
1265 855 1403 899 remis

174 924 384 978 Quatuor
406 939 459 968 ex
483 926 607 969 omni
632 927 841 970 delectae
864 929 1012 970 classe
1035 927 1232 971 carinae.
1823 940 1902 985 115

171 993 392 1037 Velocem
419 996 693 1038 Mnestheus
715 995 809 1052 agit
833 996 926 1040 acri
951 997 1125 1053 remige
1146 997 1335 1048 Pristin,

173 1066 284 1108 Mox
312 1067 454 1110 Italus
481 1069 773 1122 Mnestheus,
799 1083 945 1124 genus
968 1084 995 1112 a
1017 1084 1109 1126 quo
1132 1070 1319 1114 nomine
1344 1071 1555 1124 Memmi,

174 1137 510 1194 lugentemque
536 1139 662 1194 Gyas
688 1140 861 1195 ingenti
886 1141 1007 1183 mole
1034 1141 1344 1196 Chimaeram,

173 1209 314 1252 Urbis
338 1224 472 1267 opus,
493 1212 659 1267 triplici
685 1213 829 1268 pubes
852 1227 990 1268 quam
1019 1215 1245 1258 Dardana
1264 1228 1400 1259 versu

171 1281 419 1337 Impellunt
442 1299 450 1334 ;
484 1294 614 1326 terno
644 1294 926 1340 consurgunt
949 1285 1112 1328 ordine
1135 1286 1249 1329 remi
1273 1302 1283 1338 ;
1821 1299 1904 1331 120

169 1354 517 1412 Sergestusque‚
541 1357 708 1399 domus
730 1366 855 1400 tenet
878 1372 906 1400 a
926 1371 1018 1413 quo
1043 1358 1206 1414 Sergia
1227 1373 1415 1413 nomen,

169 1426 402 1470 Centauro
429 1428 660 1472 invehitur
681 1444 883 1484 magna3
919 1431 1164 1486 Scyllaque
1189 1432 1447 1475 Cloanthus

170 1499 407 1553 Caerulea,
429 1515 574 1556 genus
598 1503 721 1545 unde
744 1502 838 1555 tibi,
865 1505 1071 1546 Romane
1096 1503 1277 1547 Cluenti

230 1571 312 1614 Est
335 1573 493 1626 procul
518 1574 562 1616 in
587 1574 750 1629 pelago
774 1588 934 1617 saxum
958 1575 1219 1631 spumantia
1243 1584 1405 1619 contra

170 1644 342 1698 Litora,
369 1646 490 1698 quod
514 1645 702 1689 tumidis
726 1647 1017 1690 submersum
1039 1647 1246 1691 tunditur
1268 1648 1378 1690 olim
1820 1661 1897 1706 125

173 1717 426 1766 Fluctibus,
451 1717 631 1760 hiberni
655 1718 860 1761 condunt
881 1718 959 1761 ubi
983 1717 1137 1762 sidera
1160 1719 1267 1762 Cori
1288 1735 1299 1773 ς

169 1789 439 1845 Tranquillo
461 1790 563 1833 silet
588 1790 872 1847 immotaque
893 1791 1117 1834 attollitur
1137 1792 1263 1835 unda

169 1862 389 1918 Campus,
412 1871 458 1906 et
480 1862 648 1919 apricis
672 1864 810 1906 statio
832 1863 1098 1919 gratissima
1127 1864 1310 1920 mergis.

172 1933 263 1977 Hic
286 1934 481 1977 viridem
502 1936 687 1977 Aeneas
710 1935 942 1978 frondenti
965 1949 1019 1978 ex
1044 1935 1146 1978 ilice
1169 1950 1342 1980 metam

168 2004 428 2059 Constituit,
447 2006 632 2061 signum
653 2007 806 2050 nautis
845 2016 975 2063 pater
994 2023 1004 2059 ;
1038 2008 1160 2050 unde
1185 2009 1351 2053 reverti
1818 2022 1900 2066 130

170 2078 362 2132 Scirent,
387 2087 430 2122 et
454 2079 615 2134 longos
640 2079 714 2122 ubi
738 2080 1098 2124 circumflectere
1121 2095 1294 2124 cursus.

168 2152 287 2194 Tum
311 2151 413 2194 loca
437 2160 558 2195 sorte
579 2152 737 2207 legunt
757 2169 767 2205 ;
802 2152 981 2209 ipsique
1004 2152 1050 2194 in
1073 2152 1304 2209 puppibus
1326 2167 1441 2198 auro

170 2224 399 2266 Ductores
422 2223 558 2278 longe
580 2224 800 2279 effulgent
823 2233 1037 2278 ostroque
1059 2225 1216 2268 decori
1236 2240 1245 2268 :

169 2296 335 2339 Cetera
357 2297 554 2352 populea
575 2297 754 2340 velatur
773 2297 936 2340 fronde
963 2297 1195 2353 juventus,

171 2365 476 2422 Nudatosque
498 2366 715 2409 humeros
739 2366 840 2408 oleo
863 2366 1047 2422 perfusa
1069 2367 1266 2411 nitescit.
1813 2380 1894 2426 135

76 2430 427 2532 ffXConsidunt
450 2439 675 2492 transtris,
700 2438 968 2495 intentaque
996 2439 1214 2482 bracchia
1235 2439 1373 2484 remis
1391 2456 1403 2492 ;

173 2510 341 2553 Intenti
364 2520 634 2566 exspectant
656 2510 840 2567 signum
863 2527 873 2563 ;
907 2511 1275 2569 exsultantiaque
1295 2512 1449 2558 haurit

170 2582 323 2625 Corda
345 2595 488 2637 pavor
508 2583 696 2638 pulsans
718 2583 999 2639 laudumque
1021 2592 1201 2627 arrecta
1221 2584 1402 2640 cupido.

230 2654 343 2696 Inde
365 2654 441 2696 ubi
465 2655 589 2696 clara
610 2654 739 2697 dedit
762 2655 963 2698 sonitum
985 2656 1109 2709 tuba,
1126 2655 1294 2698 finibus
1316 2669 1493 2714 omnes,

170 2726 311 2769 Haud
332 2740 477 2781 mora,
521 2726 782 2798 prosiluere!
795 2716 889 2769 suis
911 2742 921 2778 ;
951 2727 1053 2770 ferit
1075 2727 1264 2770 aethera
1286 2728 1462 2771 clamor
1808 2739 1892 2782 140

169 2797 396 2841 Nauticus
419 2813 429 2850 ;
462 2798 674 2842 adductis
698 2807 914 2855 spumant
938 2799 1051 2842 freta
1071 2813 1206 2843 versa
1226 2799 1424 2843 lacertis.

169 2870 404 2914 Infindunt
426 2870 597 2926 pariter
618 2872 785 2923 sulcos,
807 2880 1045 2928 totumque
1068 2871 1264 2916 dehiscit

168 2942 450 2985 Convulsum
471 2943 608 2986 remis
629 2943 880 3000 rostrisque
901 2944 1176 2988 tridentibus
1197 2958 1381 3002 aequor.

169 3015 277 3057 Non
298 3023 395 3057 tam
417 3015 692 3071 praecipites
714 3015 869 3071 bijugo
887 3016 1140 3060 certamine
1160 3030 1377 3072 campum

168 3085 439 3141 Corripuere
461 3095 687 3143 ruuntque
709 3086 838 3130 effusi
862 3101 1047 3131 carcere
1069 3102 1226 3131 currus
1248 3104 1259 3138 ;
1803 3098 1883 3146 145
