2054 3266
207 182 269 230 34
643 195 682 230 ι».
722 194 927 229 vnotm
965 193 1186 228 naaoms
1222 192 1486 228 autumnos.

205 317 522 373 Ereptumque
544 316 652 360 dolo
674 314 805 359 reddi
827 314 914 360 sibi
938 315 1085 372 poscit
1107 315 1345 360 honorem.

204 390 397 433 Tutatur
417 389 546 432 favor
568 389 821 445 Euryalum
843 387 1153 446 lacrimaeque
1175 388 1385 442 decorae,

204 462 389 505 Cratior
410 470 454 505 et
477 461 668 518 pulchro
691 461 880 505 veniens
901 461 947 505 in
970 475 1162 518 corpore
1183 460 1338 504 virtus.

203 534 404 590 Adjuvat
427 543 470 577 et
495 548 664 589 magna
686 535 940 590 proclamat
962 547 1076 578 voce
1103 532 1283 587 Diores,
1842 542 1923 589 345

203 607 291 661 Qui
317 606 453 650 subiit
477 608 675 663 palmae,
701 607 957 664 frustraque
979 606 1039 651 ad
1063 605 1269 663 praemia
1289 606 1414 651 venit

206 680 397 732 Ultima,
424 680 459 722 si
485 680 616 736 primi
645 679 769 723 Salio
793 680 1046 722 reddantur
1067 680 1280 723 honores.

212 744 326 787 Tum
351 754 481 801 pater
503 748 701 804 Aeneas,
724 748 907 801 Vestra,
932 747 1092 804 inquit,
1116 761 1309 791 munera
1331 747 1461 790 vobis

212 817 346 860 Certa
367 828 571 874 manent,
602 820 744 877 pueri,
767 829 811 864 et
835 821 1039 878 palmam
1063 828 1217 863 movet
1240 818 1401 862 ordine
1423 832 1571 862 nemo.
1598 820 1642 872 J

210 889 290 932 Me
314 889 450 935 liceat
472 905 608 936 casus
630 892 839 937 miserari
864 892 1059 936 insontis
1083 892 1232 936 amici.
1836 904 1924 951 350

200 967 274 1010 Sic
299 966 418 1010 fatus
441 974 622 1022 tergum
646 966 828 1010 Gaetuli
853 965 1055 1010 immane
1075 965 1222 1010 leonis

203 1041 294 1082 Dat
317 1038 455 1092 Salio,
478 1038 598 1081 villis
620 1052 867 1081 onerosum
889 1047 1027 1095 atque
1049 1039 1277 1094 unguibus
1299 1039 1462 1082 aureis.

202 1110 291 1154 Hic
318 1111 475 1158 Nisus.
500 1111 546 1155 Si
570 1120 715 1164 tanta,
742 1110 902 1168 inquit,
926 1119 1031 1155 sunt
1055 1111 1260 1168 praemia
1281 1111 1429 1166 victis,

198 1184 257 1227 Et
281 1192 324 1227 te
348 1184 581 1239 lapsorum
605 1184 820 1235 miseret;
854 1197 973 1240 quae
995 1197 1189 1227 munera
1214 1183 1332 1227 Niso

198 1257 355 1312 Digna
377 1256 543 1299 dabis?
575 1257 771 1312 primam
794 1256 936 1299 merui
961 1256 1037 1313 qui
1060 1257 1197 1300 laude
1219 1270 1439 1301 coronam
1457 1271 1471 1311 ;
1834 1266 1916 1313 355

198 1329 259 1372 Νἰ
284 1343 369 1382 me,
395 1343 513 1386 quae
539 1329 727 1382 Salium,
752 1329 934 1373 fortuna
956 1329 1142 1373 inimica
1164 1329 1368 1374 tulisset.

197 1402 258 1446 Et
281 1401 414 1444 simul
438 1402 510 1444 his
532 1401 667 1444 dictis
689 1400 855 1444 faciem
878 1402 1157 1456 ostentabat,
1183 1410 1227 1446 et
1249 1402 1341 1446 udo

194 1474 368 1530 Turpia
392 1474 601 1516 membra
622 1473 744 1518 fimo.
811 1473 929 1518 Risit
951 1482 1080 1531 pater
1104 1474 1305 1531 optimus
1327 1474 1419 1529 olli,

195 1547 254 1589 Et
279 1547 491 1602 clypeum
514 1545 660 1589 efferri
678 1544 816 1602 jussit
842 1546 1151 1602 Didymaonis
1175 1547 1304 1601 artis,

195 1616 401 1672 Neptuni
427 1629 558 1659 sacro
584 1615 762 1659 Danais
785 1616 843 1659 de
866 1626 998 1672 poste
1021 1616 1222 1660 refixum.
1831 1618 1917 1673 360

196 1688 302 1731 Hoc
329 1687 546 1743 juvenem
571 1687 806 1743 egregium
829 1687 1063 1742 praestani
1085 1703 1273 1732 munere
1291 1689 1447 1734 donat.

255 1761 378 1813 Post,
402 1759 476 1802 ubi
502 1760 697 1803 confecti
722 1773 894 1812 cursus,
920 1770 964 1804 et
987 1761 1110 1804 dona
1133 1760 1308 1818 peregit
1328 1776 1337 1805 :

195 1833 347 1886 Nunc,
371 1832 409 1875 si
432 1831 503 1874 cui
527 1831 668 1874 virtus
691 1832 962 1888 animusque
985 1831 1031 1875 in
1055 1842 1239 1889 pectore
1261 1847 1480 1890 praesens

192 1904 328 1949 Adsit
351 1913 394 1948 et
417 1902 610 1947 evinctis
632 1905 808 1948 attollat
829 1902 1048 1945 bracchia
1069 1902 1250 1958 palmis.

194 1979 271 2021 Sic
293 1978 370 2031 ait,
393 1985 437 2021 et
459 1976 694 2033 geminum
719 1991 900 2033 pugnae
922 1978 1134 2034 proponit
1157 1979 1405 2039 honorem,
1828 1978 1910 2036 365

192 2050 366 2094 Victori
391 2051 590 2093 velatum
613 2064 723 2093 auro
746 2049 962 2107 vittisque
988 2050 1237 2107 juvencum
1262 2085 1272 2104 ,

194 2124 367 2166 Ensem
389 2131 528 2178 atque
549 2121 777 2178 insignem
798 2123 981 2177 galeam
1008 2123 1173 2167 solatia
1195 2123 1327 2169 victe.

253 2197 295 2238 Ν
302 2210 354 2239 ec
377 2210 506 2238 mora
525 2210 533 2237 :
569 2195 787 2238 continuo
810 2195 953 2239 vastis
974 2209 1079 2240 curn
1101 2196 1272 2240 viribus
1296 2197 1424 2241 effert

191 2268 287 2311 Ora
311 2269 476 2322 Dares,
498 2281 760 2324 magnoque
781 2267 928 2311 virum
951 2281 1000 2311 se
1022 2282 1254 2313 murmure
1275 2269 1392 2313 tollit
1411 2283 1422 2313 ε

191 2340 327 2384 Solus
350 2339 425 2396 qui
453 2339 668 2383 Paridem
691 2339 852 2383 solitus
875 2341 1154 2385 contendere
1175 2350 1335 2384 contra
1354 2373 1365 2395 ‚
1824 2354 1911 2400 370

191 2413 415 2469 Idemque
438 2412 497 2456 ad
519 2413 757 2466 tumulum,
782 2426 873 2469 quo
894 2412 1123 2458 maximus
1143 2413 1339 2458 occubat
1366 2415 1554 2469 Hector,

187 2485 422 2528 Victorem
456 2486 606 2528 Buten
629 2484 821 2528 immani
838 2498 1042 2542 corpore,
1062 2486 1137 2540 qui
1160 2492 1210 2530 se

188 2556 417 2611 Bebrycia
438 2557 628 2600 veniens
652 2556 814 2612 Amyci
837 2557 896 2600 de
917 2566 1054 2613 gente
1077 2558 1266 2613 ferebat,

190 2628 401 2682 Perculit,
424 2638 468 2672 et
491 2629 614 2673 fulva
635 2629 961 2673 moribundum
982 2630 1185 2674 extendit
1207 2645 1359 2674 arena.
1364 2645 1410 2687 J

185 2700 314 2743 Talis
335 2700 485 2756 prima
509 2702 658 2744 Dares
680 2711 815 2758 caput
839 2702 981 2745 altum
1005 2701 1050 2744 in
1071 2703 1246 2758 proelia
1267 2701 1397 2756 tollit,
1819 2714 1901 2761 375

185 2772 495 2829 Ostenditque
517 2773 735 2817 humeros
757 2774 888 2828 latos,
910 2774 1180 2831 alternaque
1196 2775 1342 2831 jactat

183 2844 411 2888 Bracchia
431 2845 727 2900 protendens,
750 2853 794 2890 et
816 2845 1026 2890 verberat
1049 2844 1213 2889 ictibus
1237 2859 1383 2891 auras.

182 2914 428 2969 Quaeritur
448 2914 555 2959 huic
576 2914 692 2959 alius
712 2930 722 2960 τ
754 2929 840 2960 nec
861 2916 1105 2973 quisquam
1127 2931 1181 2960 ex
1202 2916 1388 2973 agmine
1407 2925 1537 2962 tanto

180 2987 332 3030 Audet
354 2987 483 3031 adire
504 2987 652 3031 virum
689 2989 996 3043 manibusque
1017 2989 1235 3034 inducere
1258 2997 1452 3034 caestus.

180 3059 306 3116 Ergo
324 3059 493 3105 alacris
511 3068 796 3118 cunctosque
819 3070 985 3118 putans
1007 3063 1229 3106 excedere
1249 3062 1400 3120 palma
1413 3099 1424 3120 ,
1812 3062 1900 3121 380
1920 3124 1923 3128 Ι
