2054 3266
161 225 226 274 40
592 238 634 271 Ρ.
672 235 878 271 numm
926 236 1148 270 uanoms
1183 234 1444 268 Atumnos.

162 360 477 415 Dardanidae,
498 368 797 418 veterumque
819 358 1110 415 adgnoscunt
1132 373 1214 402 ora
1236 367 1491 416 parentum.

162 435 413 491 Postquam
437 447 623 477 omnem
647 433 754 476 laeti
784 446 1056 477 consessum
1078 433 1330 488 oculosque
1354 444 1541 474 suorum

161 507 433 550 Lustravere
457 506 501 549 in
524 505 654 562 equis
674 540 684 559 ,
707 505 889 562 signum
913 507 1114 548 clamore
1138 505 1309 559 paratis

161 580 386 634 Epytides
410 579 545 634 longe
567 578 695 621 dedit
719 578 1013 634 insonuitque
1038 578 1233 632 flagello.

158 651 249 694 Olli
273 651 529 694 discurrere
552 664 701 707 pares,
725 658 863 707 atque
886 649 1074 705 agmina
1098 648 1214 692 terni

158 723 374 767 Diductis
397 724 572 766 solvere
595 722 765 774 choris,
789 736 1037 779 rursusque
1059 721 1210 765 vocati

158 793 439 836 Convertere
460 791 558 835 vias
584 792 843 848 infestaque
865 792 958 836 tela
980 792 1136 835 tulere.

158 866 273 909 Inde
294 866 410 909 alios
433 864 587 909 ineunt
613 879 772 909 cursus
795 865 1004 922 aliosque
1025 879 1252 920 recursus,

153 938 349 982 Adversi
375 938 551 995 spatiis,
574 939 871 995 alternosque
894 938 1083 981 orbibus
1107 938 1241 981 orbes

154 1012 436 1068 Impediunt,
462 1025 736 1068 pugnaeque
759 1012 879 1055 cient
903 1011 1150 1054 simulacra
1172 1012 1257 1054 sub
1279 1011 1431 1055 armis.

152 1085 212 1127 Et
237 1098 357 1128 nunc
379 1093 510 1140 terga
534 1084 639 1139 suga
662 1084 851 1136 nudant,
876 1097 997 1127 nunc
1020 1083 1196 1140 spicula
1218 1091 1399 1127 vertunt

153 1157 342 1209 Infensi,
365 1157 486 1201 facta
508 1158 677 1214 pai-iter
700 1171 820 1200 nunc
843 1170 958 1213 pace
980 1156 1194 1199 feruntur.

152 1229 217 1272 Ut
240 1229 476 1285 quondam
502 1229 641 1272 Creta
663 1229 803 1271 fertur
828 1228 1138 1284 Labyrinthus
1162 1228 1205 1270 in
1230 1229 1323 1271 alta

150 1301 407 1345 Parietibus
430 1310 604 1345 textum
627 1301 779 1345 caecis
804 1301 904 1355 iter,
928 1301 1270 1358 ancipitemque

148 1373 278 1417 Mille
300 1374 386 1417 viis
409 1373 627 1417 habuisse
650 1374 823 1428 dolum,
845 1389 936 1430 qua
960 1375 1093 1430 signa
1120 1374 1345 1431 sequendi

146 1447 345 1490 Falleret
369 1446 674 1503 indeprensus
697 1456 742 1490 et
765 1446 1066 1490 irremeabilis
1091 1461 1216 1490 error
1235 1463 1246 1499 ς

149 1520 290 1563 Haud
313 1519 403 1563 alio
423 1520 652 1563 Teucrum
677 1519 771 1563 nati
795 1520 992 1576 vestigia
1015 1534 1149 1564 cursu

148 1593 430 1649 Impediunt,
455 1601 707 1649 texuntque
728 1593 860 1648 fugas
882 1601 926 1637 et
948 1592 1124 1649 proelia
1145 1593 1290 1648 ludo,.

147 1665 430 1721 Delphinum
455 1665 641 1720 similes,
665 1665 741 1722 qui
766 1680 846 1721 per
868 1664 1014 1708 maria
1035 1665 1227 1709 humida
1247 1666 1405 1711 nando

144 1737 447 1794 Carpathium
473 1739 789 1795 Libycumque
812 1746 986 1793 secant,
1010 1736 1285 1795 [luduntque
1307 1754 1389 1795 per
1410 1738 1588 1798 undas]

146 1811 284 1854 Hunc
308 1825 483 1854 morem
507 1825 682 1863 cursus,
703 1820 843 1868 atque
865 1811 981 1855 haec
1004 1812 1258 1855 ceitamina
1279 1812 1454 1868 primus

142 1882 387 1936 Ascanius,
416 1883 624 1937 Longam
648 1882 790 1925 muris
813 1896 955 1940 quum
978 1883 1183 1938 cingeret
1206 1884 1391 1938 Albam,

143 1955 352 2011 Rettulit,
378 1965 421 2004 et
447 1957 621 2012 priscos
645 1956 800 2000 docuit
823 1957 1056 2002 celebrare
1081 1956 1284 2011 Latinos,

146 2027 250 2082 Quo
274 2023 393 2083 puer
409 2027 505 2084 ipse
530 2016 689 2092 inodo,I
707 2042 864 2071 secum
887 2027 978 2084 quo
1002 2013 1341 2111 Troialpubes·
1329 2061 1340 2081 ,

139 2100 308 2143 Albani
332 2100 530 2144 docuere
553 2114 691 2152 suos;
714 2100 821 2143 hinc
846 2100 1046 2143 maxima
1071 2115 1205 2156 pono

140 2172 332 2229 Accepit
359 2174 510 2216 Roma
530 2182 576 2216 et
599 2173 798 2229 patrium
821 2174 1017 2216 sewavit
1041 2174 1264 2216 honorem
1283 2189 1295 2225 ;

140 2245 371 2302 Trojaque
395 2259 517 2289 nunc
539 2245 681 2301 pueri,
707 2245 957 2302 Trojanum
977 2246 1143 2288 dicitur
1165 2259 1344 2301 agmen.

202 2318 304 2360 Hac
326 2317 558 2360 celebrata
580 2326 713 2360 tenus
736 2326 896 2360 sancto
919 2318 1171 2360 certamina
1196 2318 1326 2374 patri.

142 2385 233 2428 Hic
257 2386 454 2442 primum
485 2387 684 2429 Fortuna
708 2387 844 2429 fidem
870 2396 1045 2430 mutata
1067 2386 1267 2431 novavit.

140 2459 266 2501 Dum
289 2457 426 2501 variis
449 2460 625 2502 tumulo
649 2459 848 2502 referunt
874 2460 1117 2502 sollemnia
1140 2459 1275 2515 ludis,

142 2530 251 2573 Irim
274 2530 333 2574 de
355 2531 484 2574 caelo
508 2531 632 2575 misit
659 2532 874 2575 Saturnia
895 2533 1015 2587 Juno

141 2602 332 2646 Iliacam
353 2603 413 2646 ad
436 2604 649 2653 classem,
672 2613 926 2660 ventosque
950 2605 1152 2661 adspirat
1177 2605 1316 2659 eunti,

139 2676 289 2719 Multa
310 2690 519 2727 movens,
544 2677 744 2719 necdum
765 2677 1007 2733 antiquum
1030 2686 1234 2721 saturata
1255 2678 1477 2725 dolorem.

142 2748 240 2800 llla,
265 2748 386 2791 viam
410 2749 615 2791 celerans
639 2762 719 2803 per
740 2749 864 2792 mille
886 2750 1118 2792 coloribus
1138 2763 1314 2805 arcum,

139 2817 265 2860 Nulli
290 2817 388 2861 visa
411 2818 501 2861 cito
525 2817 725 2861 decurrit
750 2818 934 2862 tramite
958 2818 1097 2875 virgo.

137 2888 375 2944 Conspicit
400 2888 635 2944 ingentem
657 2902 948 2944 concursum,
974 2900 1017 2933 et
1040 2890 1175 2934 litora
1195 2892 1375 2951 lustrat,

137 2961 453 3017 Desertosque
477 2961 600 3004 videt
625 2969 782 3017 portus
805 2962 1095 3019 classemque
1118 2963 1338 3009 relictam.

134 3034 194 3077 At
218 3035 375 3090 procul
400 3034 444 3076 in
469 3035 567 3077 sola
590 3044 794 3078 secretae
821 3035 1030 3078 Troades
1053 3046 1159 3080 acta

132 3103 370 3148 Amissum
391 3103 629 3148 Anchisen
653 3105 838 3158 flebant,
862 3116 1149 3163 cunctaeque
1171 3109 1448 3161 profundum

1789 1388 1886 1434 59οΚ

1787 1750 1891 1801 59ἵ

1770 2823 1862 2870 610
