2054 3266
582 199 621 231 Ρ.
661 198 865 231 VERGILI
914 198 1136 231 MARONIS
1171 199 1434 233 AENEIDOS.

150 320 235 364 Vix
255 321 373 365 haec
394 319 616 375 ediderat,
640 334 782 377 quum
805 319 961 362 effusis
985 319 1210 364 imbrlbus
1232 328 1333 363 atra

147 395 421 450 Tempestas
445 392 544 436 sine
565 406 693 435 more
713 391 833 445 furit,
857 392 1120 444 tonitruque
1142 400 1424 437 tremescunt

147 463 304 507 Ardua
321 472 543 506 terrarum
565 471 609 505 et
627 461 779 518 campi
802 477 812 513 ;
845 462 932 504 ruit
956 462 1143 505 aethere
1165 469 1263 506 toto

145 535 376 580 Turbidus
399 535 545 578 imber
565 548 687 591 aqua
709 535 958 590 densisque
978 534 1254 590 nigerrimus
1281 536 1458 580 Austris
1477 553 1490 590 3

153 608 492 665 Implenturque
516 619 653 662 super
674 620 850 663 puppes
871 623 881 659 ;
915 606 1138 649 semiusta
1160 607 1434 651 madescunt

147 681 358 732 Robora;
389 678 634 722 restinctus
657 679 804 721 donec
827 693 971 735 vapor
992 678 1156 733 omnis,
1175 688 1219 722 et
1242 694 1417 733 omnes,

147 754 356 808 Quatuor
376 750 577 805 amissis,
603 760 813 794 servatae
836 765 862 793 a
885 759 1014 805 peste
1038 751 1234 795 carinae.

204 827 263 868 At
285 832 416 882 pater
440 820 620 867 Aeneas
642 837 751 866 casu
775 837 1027 866 concussus
1049 825 1231 878 acerbo,

147 900 282 942 Nunc
303 898 394 940 huc
416 896 640 952 ingentes,
665 911 786 938 nunc
809 896 914 938 illuc
938 904 1122 952 pectore
1145 911 1278 940 curas

146 971 358 1014 Mutabat
378 983 583 1022 versans,
607 968 834 1013 Siculisne
856 968 1077 1012 resideret
1100 969 1221 1012 arvis

144 1043 326 1086 Oblitus
347 1042 563 1095 fatorum,
592 1041 794 1083 Italasne
817 1051 1079 1097 capesseret
1103 1055 1219 1084 oras.

142 1118 262 1158 Tum
284 1114 435 1159 senior
462 1115 656 1168 Nautes,
683 1127 824 1156 unum
847 1112 1055 1157 Tritonia
1082 1115 1233 1157 Pallas

144 1189 294 1242 Quem
316 1185 471 1231 docuit
493 1185 729 1242 multaque
751 1184 978 1241 insignem
1002 1185 1202 1230 reddidit
1224 1176 1396 1239 arte,—

148 1259 282 1303 Haec
305 1270 531 1314 responsa
551 1256 708 1311 dabat,
731 1255 805 1298 vel
825 1268 946 1312 quae
967 1255 1246 1312 portendent
1269 1254 1336 1299 ira

150 1332 325 1386 Magna
346 1329 500 1383 deum,
521 1330 594 1373 vel
616 1343 708 1386 qua
728 1328 929 1371 fatorum
951 1335 1167 1385 posceret
1190 1327 1305 1371 ordo

149 1407 286 1462 [sque
304 1403 378 1447 his
401 1406 591 1446 Aenean
614 1403 787 1445 solatus
809 1400 1000 1444 vocibus
1022 1400 1122 1445 infit
1142 1415 1153 1445 z

147 1479 270 1521 Nate
291 1476 393 1535 cle—c),
415 1490 506 1532 quo
528 1475 621 1517 fata
643 1475 828 1517 trahunt
850 1474 1194 1531 retrahuntque,
1217 1487 1483 1530 sequamur;

145 1547 376 1606 Quicquid
397 1548 494 1600 erit,
519 1546 782 1603 superanda
805 1546 955 1588 omnis
978 1546 1163 1590 fortuna
1184 1546 1375 1589 ferendo
1399 1555 1482 1591 est.

145 1624 229 1666 Est
250 1620 334 1666 tibi
357 1620 623 1664 Dardanius
647 1619 831 1663 divinae
854 1618 1009 1676 stirpis
1031 1621 1225 1663 Acestes
1247 1636 1258 1673 ;

147 1696 284 1738 Hunc
301 1707 415 1750 cape
438 1692 640 1736 consiliis
664 1692 843 1735 socium
866 1700 910 1735 et
934 1691 1162 1749 conjunge
1183 1692 1431 1737 volentem.

148 1767 268 1811 Huic
291 1766 435 1821 trade,
458 1765 642 1808 amissis
666 1773 884 1820 superant
907 1764 983 1822 qui
1007 1765 1216 1819 navibus,
1241 1774 1285 1809 et
1311 1780 1426 1822 quos

147 1841 413 1884 Pertaesum
436 1837 592 1895 magni
615 1837 785 1894 incepti
808 1852 1054 1894 rerumque
1076 1846 1259 1882 tuarum
1281 1847 1350 1882 est
1368 1854 1380 1892 ;

146 1914 507 1969 Longaevosque
529 1925 663 1954 senes
686 1925 740 1954 ac
762 1911 909 1954 fessas
932 1924 1129 1965 aequore
1151 1922 1339 1966 matres,

143 1987 204 2030 Et
226 1984 445 2043 quicquid
466 1993 619 2035 tecum
641 1983 896 2026 invalidum
917 1992 1221 2040 metuensque
1244 1985 1400 2040 pericli
1425 1994 1511 2041 est,

144 2057 323 2114 Delige,
346 2065 392 2101 et
412 2056 486 2100 his
507 2057 711 2100 habeant
733 2055 864 2100 terris
886 2056 986 2099 sine
1008 2057 1191 2109 moenia
1214 2057 1322 2101 fessi
1342 2074 1353 2110 ;

144 2131 322 2175 Urbem
343 2129 642 2186 appellabunt
666 2129 892 2184 permisso
916 2118 1103 2174 nomin'e
1128 2119 1360 2174 Acestam.

198 2202 390 2246 Talibus
411 2202 626 2246 incensus
650 2201 785 2245 dictis
810 2201 1004 2245 senioris
1028 2176 1179 2257 amici,

139 2276 261 2318 Tum
280 2289 389 2318 vero
411 2273 459 2318 in
480 2288 615 2318 curas
636 2274 792 2317 animo
819 2275 1052 2320 diducitur
1082 2288 1259 2320 omneS.

141 2349 204 2392 Et
224 2361 315 2390 nox
335 2355 437 2390 atra
457 2347 615 2403 polum
638 2346 756 2402 bigis
779 2347 1001 2390 subvecta
1022 2348 1209 2391 tenebat
1236 2362 1247 2392 τ

140 2420 255 2465 Visa
275 2420 444 2464 dehinc
467 2420 596 2463 caelo
617 2419 760 2462 facies
783 2419 975 2474 delapsa
997 2422 1200 2475 parentis

140 2493 375 2538 Anchisae
397 2493 550 2536 subito
571 2493 687 2536 tales
711 2491 947 2535 effundere
969 2506 1108 2536 voces
1130 2507 1140 2536 :

142 2568 279 2620 Nate,
301 2565 415 2609 mihi
438 2565 534 2609 vita
555 2565 808 2623 quondam,
830 2565 942 2608 dum
963 2566 1059 2609 vita
1081 2568 1313 2623 manebat,

140 2639 260 2683 Care
280 2637 448 2695 magis,
476 2646 601 2691 nate,
630 2637 783 2681 Iliacis
806 2637 1003 2682 exercite
1026 2638 1147 2694 fatis,

143 2710 344 2769 Imperio
365 2710 493 2766 Jovis
513 2711 604 2754 huc
624 2710 775 2765 venio,
799 2710 876 2767 qui
900 2710 1126 2756 classibus
1149 2711 1304 2769 ignem

142 2784 347 2842 Depulit,
368 2792 413 2828 et
435 2784 565 2827 caelo
586 2783 776 2827 tandem
793 2784 1038 2827 miseratus
1060 2785 1120 2829 ab
1143 2787 1236 2829 alto
1260 2796 1340 2831 est.

141 2855 364 2901 Conciliis
386 2869 512 2912 pare,
535 2868 655 2912 quae
676 2869 800 2899 nunc
821 2856 1130 2910 pulcherrima
1151 2859 1332 2903 Nautes

142 2930 237 2972 Dat
258 2926 412 2971 senior
432 2944 444 2981 3
478 2928 622 2971 lectos
637 2925 848 2984 juvenes,
867 2928 1118 2973 fortissima
1140 2931 1294 2986 corda,

142 2998 286 3042 Defer
305 2998 352 3042 in
377 2998 559 3042 Italiam
578 3018 590 3052 3
620 3013 736 3055 gens
757 2999 871 3043 dura
892 3008 1030 3056 atque
1053 3015 1217 3058 aspera
1239 3004 1362 3054 cultu

142 3071 437 3114 Debellanda
456 3070 540 3115 tibi
566 3071 698 3114 Latio
719 3079 800 3115 est.
867 3073 989 3116 Ditis
1012 3082 1165 3117 tamen
1188 3084 1296 3120 ante

144 3143 351 3187 Infernas
373 3143 545 3188 accede
567 3143 749 3198 domos,
773 3152 818 3187 et
840 3145 1025 3188 Averna
1049 3159 1130 3201 per
1151 3147 1245 3191 alta

1809 189 1870 234 43

1779 1202 1861 1251 705

1782 1562 1867 1605 710

1795 1930 1861 1974 ..15

1782 2657 1865 2704 725
