2054 3266
243 221 302 270 36
671 232 709 266 r».
747 230 949 264 venem
1001 227 1222 263 uAnoms
1257 227 1520 262 ARNIMDOS.

241 361 376 403 Solve
398 370 546 401 metus
570 373 579 408 ;
612 365 655 399 et
678 363 724 398 tu
750 353 975 409 Trojanos
997 367 1111 396 exue
1132 360 1327 396 caestus.

244 434 374 475 Haec
395 431 516 474 fatus
537 428 769 484 duplicem
791 439 846 469 ex
869 425 1070 469 humeris
1093 424 1251 482 rejecit
1273 424 1506 477 amictum,

242 507 301 549 Et
332 517 526 559 magnos
548 501 860 543 membrorum
883 508 1020 551 artus,
1045 511 1216 553 magna
1239 511 1345 540 ossa
1367 497 1655 552 lacertosque

241 577 393 631 Exuit,
417 585 556 632 atque
579 573 743 629 ingens
766 572 922 616 media
944 571 1155 615 consistit
1178 584 1330 614 arena.

299 652 419 694 Tum
442 657 568 692 satus
591 645 798 690 Anchisa
819 655 1003 688 caestus
1026 652 1157 701 pater
1179 644 1337 687 extulit
1360 657 1552 700 aequos,

243 725 301 767 Et
323 722 510 780 paribus
532 721 711 777 palmas
733 718 975 760 amborum
998 715 1202 760 innexuit
1225 716 1377 760 armis.

243 794 459 839 Constitit
477 792 522 836 in
545 791 715 848 digitos
738 789 968 846 extemplo
990 797 1197 832 arrectus
1219 797 1425 846 uterque,

255 865 543 922 Brachiaque
565 865 625 909 ad
648 880 840 922 superas
864 865 1096 908 interritus
1119 865 1276 908 extulit
1300 877 1448 908 auras.

248 940 493 983 Abduxere
513 945 635 981 retro
657 936 795 991 longe
817 935 972 992 capita
993 935 1138 977 ardua
1160 934 1220 978 ab
1243 934 1351 990 ictu,

252 1013 610 1068 Immiscentque
631 1023 796 1052 manus
820 1008 1049 1058 manibus,
1072 1021 1369 1064 pugnamque
1391 1008 1636 1052 lacessunt.

251 1086 347 1139 Ille,
369 1084 540 1141 pedum
562 1081 726 1126 melior
746 1090 888 1135 motu,
911 1081 1145 1137 fretusque
1171 1080 1380 1137 juventa,

251 1158 344 1202 Hic
364 1156 583 1201 membris
604 1164 649 1198 et
673 1155 792 1197 mole
814 1154 974 1196 valens
994 1169 1005 1206 ;
1038 1154 1121 1196 sed
1144 1154 1276 1196 tarda
1298 1153 1510 1197 trementi

250 1231 414 1275 Genua
436 1230 606 1281 labant,
629 1236 786 1270 vastos
809 1225 958 1283 quatit
979 1240 1118 1282 aeger
1139 1225 1369 1269 anhelitus
1392 1235 1529 1270 artus.

251 1305 399 1348 Multa
419 1302 502 1346 viri
525 1301 807 1359 nequiquam
831 1299 948 1343 inter
970 1313 1019 1343 se
1042 1300 1232 1342 vulnera
1253 1299 1448 1356 jactant,

251 1378 401 1421 Multa
421 1389 535 1419 cavo
558 1374 687 1418 lateri
711 1373 1000 1428 ingeminant
1023 1381 1068 1416 et
1090 1383 1277 1428 pectore
1297 1381 1457 1416 vastos

253 1454 375 1494 Dant
398 1449 588 1501 sonitus,
611 1455 826 1504 erratque
849 1460 982 1490 aures
1005 1454 1050 1490 et
1073 1454 1283 1502 tempora
1305 1446 1478 1489 circum

252 1524 425 1568 Crebra
448 1535 612 1565 manus
632 1537 643 1574 ;
676 1520 791 1563 duro
815 1519 1041 1576 crepitant
1063 1519 1148 1562 sub
1172 1519 1359 1562 vulnere
1382 1520 1546 1563 malae.

251 1599 351 1641 Stat
372 1595 526 1652 gravis
549 1594 760 1637 Entellus
782 1592 975 1646 nisuque
999 1593 1217 1635 immotus
1249 1592 1417 1635 eodem
1437 1609 1447 1646 ;

250 1671 453 1726 Corpore
472 1668 565 1712 tela
585 1666 725 1710 modo
747 1674 887 1722 atque
909 1665 1053 1708 oculis
1076 1664 1373 1720 vigilantibus
1397 1664 1499 1709 exit.

252 1742 351 1791 Ille,
395 1740 515 1784 velut
537 1738 707 1782 celsam
732 1744 967 1793 oppugnat
991 1735 1067 1793 qui
1091 1735 1289 1779 molibus
1313 1737 1488 1791 urbem,

247 1817 341 1858 Aut
361 1821 582 1857 montana
605 1810 734 1853 sedet
757 1809 931 1852 circum
953 1809 1144 1852 castella
1167 1809 1250 1851 sub
1274 1809 1475 1851 armis—

253 1889 389 1931 Nunc
408 1886 511 1938 hos,
536 1898 657 1926 nunc
681 1882 781 1925 illos
803 1881 972 1933 aditus,
999 1895 1279 1938 omnemque
1302 1889 1505 1938 pererrat

248 1962 360 2004 Arte
381 1960 546 2010 locum,
569 1965 615 2000 et
634 1955 772 1999 variis
795 1954 1052 1998 adsultibus
1076 1953 1228 1997 irritus
1251 1963 1395 2010 urget.

250 2029 467 2075 Ostendit
497 2028 707 2071 dextram
730 2026 972 2082 insurgens
997 2025 1208 2069 Entellus
1231 2033 1276 2069 et
1298 2025 1391 2069 alte

250 2103 425 2147 Extulit
447 2117 456 2145 :
489 2101 565 2144 ille
587 2100 729 2143 ictum
752 2098 1017 2142 venientem
1039 2112 1068 2141 a
1089 2098 1260 2141 vertice
1282 2099 1419 2142 velox

253 2173 498 2226 praevidit,
523 2171 752 2229 celerique
775 2172 959 2227 elapsus
982 2184 1174 2226 corpore
1198 2165 1381 2214 cessitr
1429 2163 1435 2166 ”

252 2247 461 2291 Entellus
483 2244 602 2287 vires
625 2243 670 2286 in
694 2251 883 2286 ventum
906 2241 1081 2295 effudit,
1103 2249 1149 2285 et
1181 2242 1299 2285 ultro

256 2322 359 2378 Ipse
381 2317 533 2375 gravis
554 2315 847 2373 graviterque
870 2315 930 2358 ad
953 2323 1122 2358 terram
1146 2315 1352 2371 pondere
1374 2325 1508 2359 vasto

253 2390 467 2436 Concidit
488 2404 499 2434 ι
532 2398 581 2432 ut
603 2388 841 2446 quondam
864 2401 979 2430 cava
1002 2386 1203 2430 concidit
1227 2395 1305 2431 aut
1329 2389 1636 2444 Erymantho,

250 2468 342 2509 Aut
369 2465 452 2507 Ida
474 2462 520 2506 in
537 2476 723 2518 magna,
749 2459 982 2504 radicibus
1005 2469 1136 2503 eruta
1158 2459 1307 2517 pinus.

253 2540 546 2593 Consurgunt
568 2534 732 2579 studiis
755 2532 921 2576 Teucri
945 2541 989 2576 et
1012 2532 1254 2576 Trinacria
1275 2533 1422 2589 pubes
1442 2548 1455 2586 ς

256 2613 298 2656 1t
319 2613 495 2657 clamor
517 2614 659 2668 caelo,
683 2612 948 2670 primusque
970 2612 1167 2656 accurrit
1189 2612 1400 2666 Acestes,

246 2691 638 2747 Aequaevumque
660 2686 720 2729 ab
742 2687 884 2728 humo
904 2684 1131 2728 miserans
1153 2683 1319 2727 attollit
1340 2683 1557 2728 amicum.

247 2764 310 2806 At
330 2775 423 2805 non
444 2760 652 2804 tardatus
675 2772 783 2801 casu
808 2769 958 2813 neque
979 2756 1163 2799 territus
1185 2756 1323 2799 heros

247 2834 411 2879 Acrior
431 2833 490 2876 ad
513 2845 714 2888 pugnam
739 2830 870 2883 redit,
892 2841 949 2873 ac
969 2828 1064 2871 vim
1086 2827 1278 2872 suscitat
1300 2828 1379 2873 ira.

248 2908 370 2950 Tum
390 2905 540 2962 pudor
562 2902 766 2946 incendit
789 2901 907 2944 vires
930 2909 974 2945 et
997 2901 1185 2944 conscia
1205 2900 1364 2955 virtus,

252 2976 648 3033 Praecipitemque
672 2976 828 3017 Daren
853 2973 1021 3016 ardens
1043 2972 1139 3028 agit
1161 2987 1362 3030 aequore
1384 2981 1496 3027 toto,

249 3052 384 3094 Nunc
403 3049 566 3093 dextra
586 3046 877 3103 ingeminans
901 3045 1030 3099 ictus,
1053 3059 1176 3089 nunc
1198 3045 1275 3089 ille
1296 3045 1483 3089 sinistra
1504 3061 1515 3098 3

253 3124 353 3166 Nec
373 3134 521 3175 mora,
544 3132 632 3163 nec
651 3119 833 3176 requies
854 3131 864 3161 z
897 3131 1038 3175 quam
1062 3117 1204 3162 multa
1223 3117 1449 3174 grandine
1469 3115 1615 3162 nimbi

1870 363 1958 406 4²0

1882 728 1964 771 425

1886 1093 1975 1159 439

1888 1457 1972 1503 435

1888 1821 1977 1865 440

1887 2184 1973 2228 445
2039 2185 2045 2191 ·
