2054 3266
594 155 633 192 Ρ.
675 153 880 192 vunnim
917 153 1140 191 Marionis
1175 153 1440 191 mumma.
1812 138 1865 188 3]

157 279 464 338 Consequitur
484 297 494 333 ;
528 281 666 334 cedit,
692 279 912 336 quoniam
936 279 1132 336 spoliata
1154 279 1375 333 magistro
1398 286 1480 321 est.

155 353 288 396 Solus
305 353 495 410 jamque
520 353 620 410 ipso
643 360 851 408 superest
873 352 920 394 in
942 352 1033 395 fine
1057 351 1313 394 Cloanthus
1334 365 1346 403 ;
1790 363 1868 406 ²25

154 425 303 479 Quem
325 425 438 481 petit
464 433 509 468 et
527 425 719 467 summis
741 423 936 467 adnixus
957 423 1129 466 viribus
1154 431 1296 478 urget.

152 497 271 541 Turn
293 512 400 540 vero
423 496 676 552 ingeminat
700 498 886 549 clamor,
910 496 1154 552 cunctique
1177 503 1448 551 sequentem

155 568 382 625 Instigant
404 569 580 621 studiis,
606 577 883 624 resonatque
906 568 1163 623 fragoribus
1196 567 1366 610 aether.

153 641 216 685 Hi
239 642 474 699 proprium
495 642 637 684 decus
660 650 704 684 et
728 651 910 697 partum
935 640 1233 695 indignantur
1254 640 1479 682 honorem

154 714 214 757 Ni
237 722 437 767 teneant,
460 713 695 770 vitamque
717 714 874 756 volunt
899 727 981 769 pro
1004 713 1138 756 laude
1163 711 1346 768 pacisci.
1788 723 1811 753 2
1817 723 1871 765 30

154 789 253 830 Hos
272 801 517 830 successus
540 787 619 829 alit
640 803 650 839 ;
683 794 892 843 possunt,
914 786 1023 842 quia
1044 799 1181 841 posse
1205 785 1427 827 videntur.

151 861 211 904 Et
232 859 324 902 fors
347 859 556 916 aequatis
579 858 808 914 cepissent
829 857 1037 913 praemia
1058 857 1216 900 rostris
1241 891 1250 907 ,

153 931 213 974 Ni
236 932 414 988 palmas
438 940 579 988 ponto
603 931 799 974 tendens
822 938 1042 987 utrasque
1067 930 1325 973 Cloanthus

154 1003 456 1059 Fudissetque
478 1016 653 1058 preces,
675 1001 900 1058 divosque
925 1001 968 1044 in
990 1011 1100 1044 vota
1121 1009 1332 1044 vocasset
1355 1015 1364 1043 :

151 1074 225 1129 Di,
249 1074 414 1132 quibus
437 1074 681 1130 imperium
703 1082 772 1118 est
795 1074 959 1130 pelagi,
985 1088 1179 1130 quorum
1203 1087 1403 1129 aequora
1436 1088 1582 1127 curro,
1789 1085 1867 1128 235

150 1147 293 1191 Vobis
314 1148 461 1190 laetus
484 1161 571 1202 ego
594 1147 682 1190 hoc
705 1147 983 1190 candentem
1007 1147 1052 1188 in
1077 1146 1207 1189 litore
1230 1154 1412 1188 taurum

151 1220 441 1264 Constituam
464 1228 569 1263 ante
593 1233 695 1262 aras
718 1219 810 1262 voti
834 1233 954 1272 reus,
982 1229 1177 1275 extaque
1200 1219 1348 1261 salsos

152 1293 402 1336 Porriciam
424 1292 468 1334 in
493 1293 673 1343 fluctus,
699 1300 744 1334 et
766 1291 874 1334 vina
896 1291 1119 1347 liquentia
1141 1291 1345 1334 fundam.

155 1364 293 1418 Dixit,
315 1378 512 1420 eumque
537 1363 640 1406 imis
664 1365 747 1406 sub
770 1364 984 1407 fluctibus
1009 1361 1155 1405 audiit
1177 1361 1329 1405 omnis

151 1434 404 1477 Nereidum
430 1433 687 1489 Phorcique
710 1433 889 1486 ebonis,
918 1434 1226 1488 Panopeaque
1251 1433 1375 1487 virgo
1396 1448 1408 1484 ς
1789 1445 1872 1486 240

149 1508 209 1550 Et
230 1515 362 1562 pater
384 1505 481 1561 ipse
506 1519 644 1548 manu
668 1519 838 1560 magna
862 1506 1090 1549 Portunus
1114 1514 1301 1548 euntem

150 1580 337 1636 Impulit
357 1594 365 1622 :
399 1579 476 1621 illa
502 1580 627 1622 Noto
651 1579 783 1622 citius
805 1578 1072 1635 volucrique
1095 1580 1263 1634 sagitta

146 1653 221 1696 Ad
243 1662 413 1696 terram
435 1651 564 1707 fugit,
590 1661 633 1695 et
657 1661 788 1707 portu
815 1666 864 1694 se
888 1651 1094 1695 condidit
1117 1653 1230 1695 alto.

203 1727 324 1770 Tum
346 1733 472 1769 satus
496 1725 718 1777 Anchisa,
741 1724 918 1767 cunctis
942 1739 997 1767 ex
1020 1738 1148 1775 more
1172 1723 1362 1778 vocatis,

145 1799 381 1843 Victorem
403 1812 574 1852 magna
597 1796 838 1852 praeconis
862 1810 975 1839 voce
1001 1797 1282 1839 Cloanthum
1787 1809 1866 1852 243

151 1872 378 1925 Declarat,
401 1869 627 1926 viridique
649 1870 833 1912 advelat
855 1877 1066 1924 tempora
1090 1870 1233 1922 lauro,

149 1945 434 1999 Muneraque
457 1943 502 1985 in
525 1956 667 1984 naves
691 1951 848 1984 ternos
870 1950 1030 1996 optare
1048 1941 1288 1997 juvencos,

144 2017 372 2073 Vinaque,
396 2023 440 2059 et
462 2013 640 2069 argenti
663 2028 883 2068 magnum
906 2014 984 2056 dat
1007 2014 1123 2055 ferre
1148 2015 1383 2057 talentum.

148 2088 266 2145 Ipsis
287 2087 559 2144 praecipuos
582 2086 850 2129 ductoribus
873 2086 1001 2129 addit
1025 2087 1224 2129 honores
1245 2102 1253 2129 ε

144 2160 316 2205 Victori
339 2159 634 2214 chlamydem
656 2167 878 2212 auratam,
903 2172 1043 2215 quam
1065 2158 1262 2214 plurima
1285 2159 1456 2202 circum
1785 2170 1869 2213 250

146 2236 352 2290 Purpura
376 2232 634 2275 Maeandro
656 2231 829 2287 duplici
856 2231 1090 2274 Meliboea
1113 2231 1326 2286 cucurrit,

146 2308 443 2362 Intextusque
466 2319 577 2360 puer
607 2304 826 2346 frondosa
848 2304 999 2359 regius
1031 2304 1111 2347 lda

143 2379 337 2422 Veloces
353 2377 508 2433 jaculo
530 2390 690 2419 cervos
714 2388 941 2433 cursuque
962 2377 1138 2432 fatigat,

143 2452 275 2504 Acer,
301 2448 538 2493 anhelanti
561 2448 724 2492 similis
746 2465 754 2500 ;
787 2463 927 2504 quem
948 2463 1142 2505 praepes
1165 2451 1223 2492 ab
1251 2450 1335 2493 Ida

142 2523 396 2567 Sublimem
418 2521 613 2578 pedibus
636 2520 786 2576 rapuit
807 2521 935 2576 Jovis
957 2522 1157 2576 armiger
1180 2522 1323 2564 uncis.
1778 2533 1861 2575 255

144 2594 376 2651 Longaevi
399 2595 579 2650 palmas
602 2593 882 2650 nequiquam
905 2593 965 2636 ad
988 2594 1140 2636 sidera
1163 2595 1356 2637 tendunt

142 2667 384 2727 Custodes,
407 2665 646 2723 saevitque
669 2681 839 2728 canum
858 2666 1052 2719 latratus
1075 2666 1119 2708 in
1138 2681 1292 2728 auras.
1691 2701 1700 2707 ,

141 2744 200 2784 At
237 2725 314 2797 qui
336 2730 506 2794 dtiinde
526 2730 679 2782 locum
701 2727 847 2782 tenuit
869 2726 1038 2782 virtute
1060 2727 1330 2793 secundum,
1381 2725 1457 2814 ἦ
1473 2715 1731 2773 ἈΨΜᾸᾸ

141 2812 338 2856 Levibus
360 2810 467 2854 huic
489 2811 640 2854 hamis
663 2820 924 2854 consertam
948 2825 1152 2868 auroque
1174 2811 1370 2855 trilicem

142 2884 366 2938 Loricam,
389 2898 528 2940 quam
554 2883 782 2926 Demoleo
805 2884 1067 2926 detraxerat
1092 2883 1188 2939 ipse
1781 2883 1864 2926 260

142 2957 299 3001 Victor
318 2957 444 3014 apud
465 2956 678 3012 rapidum
704 2954 943 2999 Simoenta
964 2957 1050 2999 sub
1076 2957 1161 2999 Ilio
1183 2959 1291 3010 alto,

141 3031 298 3073 Donat
318 3029 491 3072 habere
512 3028 626 3079 viro,
653 3029 794 3070 decus
818 3036 863 3070 et
885 3035 1091 3071 tutamen
1116 3027 1159 3069 in
1185 3027 1337 3071 armis.
