2054 3266
576 198 618 231 P.
658 198 863 231 VERGILI
912 197 1134 230 MARONIS
1169 196 1434 229 AENEIDOS.

147 319 341 363 Pontum
362 322 667 377 aspectabant
689 321 866 365 flentes.
927 320 1034 362 Heu
1057 326 1124 363 tot
1146 318 1267 362 vada
1288 317 1423 361 fessis

148 392 201 433 Et
224 399 404 435 tantum
426 408 668 449 superesse
691 392 851 437 maris!
875 406 964 436 vox
987 391 1203 434 omnibus
1225 404 1333 439 una,

149 464 321 508 Urbem
343 475 476 509 orant
496 482 506 518 ;
529 467 685 510 taedet
709 466 859 523 pelagi
879 465 1080 522 perferre
1103 464 1323 507 laborem.

147 537 268 592 Ergo
290 537 407 580 inter
429 537 607 582 medias
631 553 734 582 sese
754 538 913 582 haud
903 551 1064 593 ignara
1085 536 1285 579 nocendi

143 611 352 668 Conjicit‚
375 622 417 655 et
441 613 698 693 faciemque
721 614 836 656 deae
859 620 1129 680 vestemque
1152 609 1364 667 reponit·
1351 642 1365 664 ,

149 685 178 723 f·
183 683 216 727 it
241 685 442 761 Beross,
425 676 604 730 Tmarii
622 682 820 753 conjunx
843 684 1071 746 longaeva
1095 672 1299 744 Dorycli,

143 756 225 799 Cui
246 771 393 825 genus
415 766 459 801 et
483 744 719 815 quond‘am
743 772 914 801 nomen
936 743 1124 812 natique
1146 738 1361 808 f‘ulssent5

142 831 206 871 Xe
229 829 294 874 sic
318 831 644 875 Dardanidum
667 825 871 874 mediam
896 818 1194 895 s‘effmatribus
1216 821 1381 872 insert:

142 904 180 944 O
205 901 414 952 miserae,
437 917 554 959 quas
577 918 668 947 non
692 918 875 957 manus,
902 902 1100 959 inquit,
1104 899 1295 946 chaica
1315 901 1437 943 bello

141 975 178 1013 Τ
182 974 348 1017 raxerit
371 974 431 1017 ad
453 975 596 1018 letum
619 974 795 1031 patriae
819 975 903 1017 sub
927 972 1172 1016 moenibus
1197 975 1205 1016 1
1229 987 1256 1014 o
1279 986 1395 1028 gens

144 1047 320 1100 Infelix,
345 1047 417 1090 cui
438 1055 484 1090 te
507 1047 644 1090 exitio
669 1049 876 1090 Fortuna
898 1055 1101 1090 reservat
1120 1046 1137 1089 ?

140 1120 346 1175 Septima
368 1129 471 1176 post
497 1121 662 1177 Trojae
685 1120 916 1163 excidium
933 1120 1030 1175 jam
1053 1117 1244 1161 vertitur
1266 1126 1432 1171 aestas,

138 1192 291 1247 Quum
312 1192 443 1246 freta,
465 1205 608 1248 quum
630 1201 775 1235 terras
799 1206 974 1244 omnes,
998 1199 1065 1234 tot
1088 1190 1322 1246 inhospita
1344 1204 1455 1232 saxa

137 1249 390 1322 Sideraque
414 1266 631 1309 emensae
655 1265 856 1316 ferimur,
879 1265 990 1308 dum
1012 1278 1094 1320 per
1116 1277 1243 1306 mare
1265 1277 1488 1318 magnum

138 1338 319 1382 Italiam
341 1339 577 1396 sequimur
600 1339 868 1394 fugientem,
891 1347 934 1381 et
959 1337 1186 1380 volvimur
1208 1336 1355 1378 undis.

137 1410 229 1455 Hic
253 1410 416 1466 Erycis
438 1411 552 1454 fines
575 1410 776 1465 fraterni,
801 1419 939 1466 atque
961 1410 1133 1466 hospes
1157 1411 1350 1452 Acestes
1375 1424 1382 1450 :

135 1482 250 1537 Quis
273 1483 485 1539 prohibet
508 1498 663 1526 muros
680 1483 853 1539 jacere,
880 1492 923 1525 et
948 1482 1059 1524 dare
1082 1480 1258 1524 civibus
1282 1481 1475 1524 urbem?

135 1556 173 1597 O
197 1555 358 1611 patria,
381 1564 426 1599 et
448 1555 565 1611 rapti
590 1555 907 1612 nequidquam
930 1569 986 1598 ex
1005 1554 1140 1596 hoste
1167 1555 1380 1605 Penates,

137 1627 330 1671 Nullane
345 1628 445 1684 jam
468 1628 635 1683 Trojae
659 1629 871 1671 dicentur
892 1627 1079 1670 moenia
1098 1628 1114 1669 ?
1135 1641 1365 1683 nusquam

136 1702 393 1744 Hectoreos
415 1716 590 1755 amnes,
615 1702 855 1744 Xanthum
879 1708 923 1743 et
949 1700 1190 1744 Simoenta
1212 1698 1413 1742 videbo?

133 1773 255 1829 Quin
278 1773 416 1829 agite,
437 1782 483 1818 et
504 1788 688 1817 mecum
710 1774 933 1816 infaustas
957 1772 1131 1815 exurite
1155 1785 1344 1828 puppes,

137 1848 172 1887 N
182 1861 257 1889 am
280 1846 393 1889 mihi
419 1847 714 1890 Cassandrae
737 1860 818 1900 per
840 1859 1058 1889 somnum
1079 1845 1197 1888 vatis
1221 1843 1378 1899 imago

132 1918 358 1962 Ardentes
380 1918 489 1961 dare
511 1918 610 1961 visa
631 1918 757 1962 faces
781 1933 790 1961 z
813 1917 888 1960 hic
911 1917 1118 1974 quaerite
1142 1917 1331 1973 Trojam
1351 1932 1362 1968 3

135 1987 226 2031 Hic
247 1988 415 2033 domus
436 1997 522 2044 est,
551 1989 714 2047 inquit,
737 1990 871 2034 vobis
894 2007 902 2035 :
931 1992 1030 2049 jam
1053 2001 1238 2048 tempus
1260 1993 1357 2048 agit
1379 2006 1466 2047 res,

134 2061 235 2105 Nec
256 2061 397 2106 tantis
420 2062 552 2106 mora
574 2063 799 2119 prodigiis
821 2079 831 2116 ;
865 2078 922 2107 en
946 2074 1143 2120 quatuor
1164 2079 1271 2108 arae

135 2134 369 2191 Neptun0‚
390 2135 505 2178 deus
529 2134 629 2192 ipse
650 2136 777 2179 faces
800 2136 1100 2180 animum-we
1123 2136 1365 2181 ministrat.

192 2208 325 2269 HaQ
346 2222 635 2268 memorans,
661 2209 811 2264 prima
833 2209 1065 2259 infensum
1089 2211 1131 2253 vi
1155 2211 1341 2266 corripit
1365 2211 1531 2266 ignem,

139 2279 425 2336 Sublataque
449 2281 606 2336 procul
629 2281 790 2325 dextra
812 2282 1011 2326 connixa
1033 2292 1264 2337 coruscat,

136 2351 196 2394 Et
221 2351 340 2397 iacit.
407 2353 629 2396 Arrectae
651 2362 833 2397 mentes
859 2355 1212 2411 stupefactaque
1235 2355 1378 2398 corda

138 2423 346 2467 Iliadum.
417 2424 507 2467 Hic
530 2439 623 2468 una
645 2440 669 2468 e
692 2426 863 2479 multis,
886 2441 1005 2484 quae
1027 2430 1231 2470 maxima
1255 2437 1383 2482 natu,

146 2495 315 2552 Pprgo,
340 2505 406 2539 tot
435 2495 602 2540 Priami
627 2506 840 2541 natorum
864 2497 988 2553 regia
1011 2499 1192 2543 nutrix:

137 2568 245 2611 Non
269 2570 416 2612 Beroe
436 2570 585 2624 vobis,
609 2585 703 2614 non
724 2571 840 2615 haec
865 2572 1106 2625 Rhoeteia,
1130 2580 1320 2626 matres,

137 2641 219 2683 Est
245 2641 433 2696 Dorycli
458 2641 657 2699 conjunx
678 2659 686 2686 ε
721 2642 864 2686 divini
889 2644 1023 2699 signa
1044 2643 1239 2699 decoris,

135 2709 457 2767 Ardentesque
479 2721 637 2756 notate
659 2714 821 2757 oculos
841 2730 852 2767 ς
885 2714 962 2771 qui
986 2714 1174 2772 spiritus
1197 2715 1278 2770 illi,

135 2782 224 2838 Qui
246 2784 412 2838 vultus,
436 2784 657 2842 vocisque
681 2801 836 2840 sonus,
858 2788 932 2831 vel
953 2802 1140 2843 gressus
1163 2789 1299 2832 eunti.

137 2854 246 2911 Ipsa
264 2864 448 2911 egomet
471 2856 646 2900 dudum
669 2859 849 2902 Beroen
872 2859 1081 2915 digressa
1100 2860 1262 2918 reliqui

132 2925 351 2980 Aegram,
374 2924 696 2981 indignantem
728 2927 808 2970 tali
832 2929 956 2984 quod
981 2930 1080 2972 sola
1102 2938 1279 2973 careret

136 2997 347 3052 Munere,
371 3012 457 3042 nec
480 2999 671 3043 meritos
695 3000 933 3045 Anchisae
957 3001 1144 3047 inferret
1167 3003 1380 3048 honores.

136 3070 270 3115 Haec
291 3070 442 3118 effata.

1808 183 1864 228 41

1785 316 1868 372 615

1786 681 1871 724 620

1784 1045 1867 1099 625

1780 1408 1867 1463 630

1770 2138 1858 2192 640

1757 2861 1845 2917 650
