2054 3266
149 207 210 254 26
585 222 624 256 P.
665 223 868 256 vis-amm
909 223 1130 257 maome
1166 224 1432 258 AENEIDOS.

149 342 311 396 Quove
336 343 484 397 magis
507 342 652 385 fessas
676 351 831 397 optem
855 342 1100 385 demittere
1123 356 1280 397 naves,

149 414 301 468 Quam
323 427 442 470 quae
468 414 758 456 Dardanium
782 415 916 456 tellus
941 414 1051 456 mihi
1077 425 1227 457 servat
1251 415 1467 459 Acesten.

150 487 207 529 Et
233 486 374 542 patris
396 486 632 529 Anchisae
653 486 829 541 gremio
853 486 1176 542 complectitur
1208 489 1351 530 ossa?

152 559 282 601 Haec
304 558 380 601 ubi
403 558 542 613 dicta,
567 567 725 614 petunt
751 568 921 614 portus,
945 567 989 600 et
1014 560 1115 601 vela
1140 559 1328 602 secundi

150 630 399 673 Intendunt
423 629 616 686 Zephyri
638 645 646 672 :
682 631 822 673 fertur
845 629 935 672 cita
957 630 1137 685 gurgite
1161 630 1323 674 classis
1347 645 1355 674 :

149 703 206 746 Et
230 704 419 746 tandem
444 704 547 746 lacti
584 712 721 746 notae
742 703 1042 745 advertuntur
1066 718 1245 746 arenae.

205 778 263 819 At
283 776 440 832 procul
463 776 645 819 excelso
669 775 860 818 miratus
885 775 1055 818 vertice
1079 776 1248 819 montis

145 847 409 890 Adventum
433 848 676 904 sociasque
698 856 819 890 rates
842 847 1038 890 occurrit
1074 851 1282 902 Acestes,

152 920 377 963 Horridus
401 921 445 962 in
462 920 630 976 jaculis
654 929 697 962 et
722 920 839 975 pelle
868 919 1116 975 Libystidis
1140 934 1273 963 ursae
1296 937 1302 963 :

145 994 285 1035 Troia
311 992 509 1035 Crimiso
533 1000 808 1047 conceptum
833 992 1020 1035 flumine
1043 1001 1190 1035 mater

145 1068 295 1120 Quem
318 1066 487 1120 genuit.
552 1065 773 1108 Veterum
797 1079 887 1107 non
913 1064 1157 1108 immemor
1179 1064 1252 1108 ille
1278 1077 1522 1122 pareutum

145 1139 364 1181 Gratatur
386 1138 594 1192 reduces,
618 1147 660 1180 et
684 1151 797 1192 gaza
820 1138 966 1180 laetus
989 1138 1158 1192 agresti

144 1210 342 1265 Excipit,
367 1223 422 1253 ac
444 1210 591 1252 fessos
615 1210 780 1265 opibus
804 1211 976 1252 solatur
998 1210 1172 1252 amicis.

207 1284 396 1325 Postera
417 1296 558 1339 quum
583 1281 733 1338 primo
756 1283 913 1324 stellas
937 1281 1112 1325 oriente
1136 1283 1316 1337 fugarat

145 1355 282 1398 Clara
303 1354 419 1407 dies,
445 1355 597 1398 socios
621 1354 666 1397 in
690 1363 873 1397 coetum
896 1354 1028 1397 litore
1051 1355 1110 1396 ab
1133 1357 1257 1397 omni

142 1428 354 1471 Advocat
383 1431 575 1480 Aeneas,
599 1427 854 1483 tumulique
877 1441 931 1469 ex
954 1441 1120 1482 aggere
1144 1428 1259 1470 fatur
1286 1443 1294 1470 ε

201 1499 503 1542 Dardanidae
526 1498 701 1554 magni,
726 1513 872 1554 genus
895 1498 990 1541 alto
1012 1512 1039 1541 a
1061 1499 1285 1554 sanguine
1318 1500 1490 1553 divum,

145 1573 335 1614 Annuus
359 1571 532 1614 exactis
556 1571 813 1626 completur
837 1571 1074 1613 mensibus
1098 1570 1240 1625 orbis,

144 1645 214 1687 Ex
236 1657 327 1701 quo
350 1644 569 1700 reliquias
592 1642 829 1699 divinique
851 1657 960 1686 ossa
982 1643 1186 1698 parentis

145 1715 452 1759 Condidimus
474 1724 609 1769 terra,
633 1724 930 1771 maestasque
949 1714 1233 1757 sacravimus
1255 1730 1372 1758 aras.

141 1791 339 1845 Jamque
364 1788 476 1842 dies,
501 1788 546 1831 ni
567 1788 716 1842 fallor,
742 1789 889 1839 adest,
911 1801 1050 1844 quem
1073 1802 1255 1844 semper
1276 1789 1509 1844 acerbum,

141 1862 335 1917 Semper
357 1859 765 1903 honoratum—sic
789 1860 832 1901 di
858 1859 1324 1903 voluistis—habebo.

143 1933 279 1976 Hunc
302 1946 388 1987 ego
412 1931 621 1975 Gaetulis
644 1945 829 1986 agerem
854 1945 891 1974 st
918 1931 1130 1986 Syrtibus
1153 1933 1272 1985 exul,

142 2006 414 2062 Argolicove
436 2004 551 2048 mari
570 2004 828 2060 deprensus
851 2012 896 2048 et
919 2005 1032 2047 urbe
1061 2005 1304 2059 Mycenae,

142 2079 308 2121 Annua
330 2087 437 2120 vota
454 2087 610 2119 tamen
635 2076 975 2131 sollemnesque
998 2075 1160 2118 ordine
1184 2090 1380 2133 pompas

141 2152 445 2206 Exsequerer‚
469 2160 785 2204 strueremque
808 2148 902 2190 suis
927 2148 1091 2191 altaria
1112 2149 1261 2192 donis.

141 2224 279 2266 Nunc
303 2223 421 2265 ultro
444 2222 502 2264 ad
526 2221 703 2263 cineres
728 2220 872 2276 ipsius
895 2230 940 2263 et
962 2234 1071 2263 ossa
1093 2221 1312 2275 parentis,

143 2295 282 2338 Haud
305 2294 521 2351 equidem
544 2293 643 2336 sine
665 2302 819 2335 mente
837 2306 955 2343 reor,
980 2292 1079 2335 sine
1103 2294 1290 2336 numine
1314 2295 1486 2346 divum,

140 2369 388 2420 Adsumus,
412 2375 456 2410 et
480 2374 638 2422 portus
661 2365 800 2408 delati
844 2365 1069 2408 intramus
1093 2365 1283 2409 amicos.

142 2442 264 2495 Ergo
287 2441 422 2495 agite,
445 2423 498 2482 et⁸
512 2439 683 2481 laetum
707 2437 857 2480 cuncti
883 2438 1169 2481 celebremus
1200 2439 1427 2482 honorem
1447 2455 1457 2491 ;

143 2515 392 2555 poscamus
416 2521 591 2564 ventos,
617 2519 755 2567 atque
778 2510 893 2552 haec
917 2524 1022 2553 mea
1044 2524 1178 2553 sacra
1209 2511 1458 2567 quotannis

143 2583 271 2626 Urbe
295 2582 401 2624 velit
426 2581 577 2637 posita
598 2580 784 2635 templis
809 2580 894 2622 sibi
919 2580 1037 2624 ferre
1060 2581 1238 2624 dicatis.

141 2642 257 2699 Bin'a
278 2656 421 2698 boum
445 2654 575 2696 vobis
600 2653 740 2717 Troja
762 2661 1008 2707 generatus
1028 2655 1224 2696 Acestes

141 2709 234 2772 Dat
259 2739 450 2770 numero
474 2725 626 2781 capita
650 2723 695 2766 in
717 2723 889 2768 naves:
923 2724 1141 2768 adhibete
1169 2727 1366 2769 Penates

141 2803 199 2845 Et
221 2800 396 2856 patrios
419 2797 567 2854 epulis
590 2804 635 2840 et
657 2810 773 2854 quos
796 2796 904 2839 colit
927 2797 1098 2853 hospes
1121 2799 1328 2840 Acestes.

143 2875 396 2925 Praeterea,
421 2870 458 2914 si
483 2884 605 2913 nona
627 2869 752 2912 diem
773 2869 1044 2912 mortalibus
1067 2871 1239 2912 almum

141 2949 315 2988 Aurora
336 2942 547 2986 extulerit
572 2941 805 2998 radiisque
828 2934 1039 2985 retexerit
1063 2943 1235 2995 orbem,

142 3017 294 3061 Prima
314 3016 434 3059 citae
458 3014 650 3058 Teucris
675 3028 846 3070 ponam
869 3015 1126 3058 certamina
1148 3016 1310 3059 classis
1330 3031 1342 3067 ς

142 3088 319 3145 Quique
340 3088 511 3144 pedum
535 3101 669 3129 cursu
693 3087 827 3139 valet,
851 3094 896 3129 et
918 3088 994 3143 qui
1019 3087 1190 3130 viribus
1215 3089 1365 3131 audax

1819 428 1875 474 30

1819 791 1870 834 33

1816 1511 1870 1555 45

1815 2233 1866 2279 55
