2054 3266
83 194 147 241 44
522 210 562 243 P.
605 211 810 244 vunoxm
848 211 1070 244 mmoms
1105 211 1372 247 Annmnos.

81 328 371 384 Congressus
397 339 513 386 pete,
538 339 662 385 nate,
688 345 832 375 meos.
901 333 1008 375 Non
1033 346 1108 375 me
1132 331 1275 389 impia
1296 345 1499 389 namque

0 396 275 463 fflTartara
298 402 469 445 habent
494 402 713 447 tiistesve
735 404 944 458 umbrae,
967 404 1049 447 sed
1073 418 1271 448 amoena
1292 403 1474 462 piorum

81 474 290 517 Concilia
316 474 619 532 Elysiumque
641 476 754 519 colo.
823 478 927 519 Huc
952 486 1081 519 casta
1107 476 1283 532 Sibylla
1726 487 1811 534 735

81 546 333 603 Nigrarum
358 548 503 590 multo
526 549 758 605 pecudum
781 557 824 592 te
848 549 1073 605 sanguine
1097 550 1248 593 ducet.

79 620 200 662 Tum
222 634 367 675 genus
390 634 528 665 omne
551 630 695 676 tuum,
718 630 776 676 et,
801 636 920 678 quae
943 623 1109 665 dentur
1131 621 1331 675 moenia,
1353 620 1518 666 disces.

78 692 276 749 Jamque
301 694 431 746 vale;
466 702 647 750 torquet
672 695 850 737 medios
882 697 982 736 Nox
1005 694 1197 737 humida
1219 708 1393 748 cursus,

81 765 141 808 Et
164 779 238 808 me
261 779 425 808 saevus
447 767 577 823 equis
601 767 754 809 oriens
778 767 950 810 afflavit
974 768 1168 810 anhelis.

81 837 289 885 Dixerat,
312 847 355 882 et
380 847 542 882 tenues
565 839 692 894 sugit,
717 854 800 883 ceu
823 841 990 907 fumuS,
1015 840 1059 882 in
1084 854 1233 884 auras.
1729 852 1817 897 740

79 913 276 965 Aeneas,
303 911 408 966 Quo
431 911 601 954 deinde
624 912 754 955 ruis?
785 899 876 968 quo
900 903 1132 969 proripis?
1163 911 1326 969 inquit,

81 983 230 1036 Quem
255 984 399 1039 sugis.
390 984 407 1015 ²
439 993 517 1028 aut
540 984 643 1041 quis
668 994 712 1028 te
735 987 906 1028 nostris
929 985 1247 1042 complexibus
1270 987 1430 1031 arcet?

83 1056 215 1099 Haec
238 1071 503 1100 memorans
527 1057 730 1100 cinerem
753 1067 799 1101 et
822 1057 999 1114 sopitos
1023 1059 1213 1101 suscitat
1239 1058 1370 1113 ignes
1392 1074 1402 1111 ;

82 1129 480 1185 Pergameumque
508 1131 685 1183 Larem,
710 1138 754 1173 et
778 1144 922 1172 canae
947 1131 1202 1186 penetralia
1225 1131 1398 1174 Vestae

80 1201 222 1244 Farre
246 1203 321 1258 pio
345 1212 389 1246 et
414 1203 551 1259 plena
574 1203 765 1259 supplex
782 1212 1028 1246 veneratur
1050 1217 1222 1246 acerra.
1730 1211 1814 1256 745

138 1274 385 1331 Extemplo
410 1274 562 1318 socios
585 1275 878 1331 primumque
902 1276 1094 1318 arcessit
1118 1275 1338 1330 Acesten,

80 1347 140 1389 Et
163 1348 290 1402 Jovis
314 1347 558 1404 imperium
581 1356 625 1391 et
648 1347 741 1390 cari
766 1356 1015 1403 praecepta
1038 1347 1244 1404 parentis

80 1420 276 1473 Edocet,
297 1429 340 1464 et
363 1435 480 1477 quae
504 1434 622 1463 nunc
645 1420 802 1464 animo
825 1420 1055 1463 sententia
1076 1428 1270 1475 constet,
1303 1427 1329 1463 ‘z
1364 1412 1373 1470 s
1409 1451 1417 1461 „

83 1493 222 1535 Haud
246 1507 375 1535 mora
398 1493 619 1546 consiliis,
644 1507 731 1536 nec
749 1493 880 1549 jussa
901 1501 1084 1536 recusat
1105 1493 1316 1536 Acestes,

80 1565 414 1609 Transcribunt
440 1566 537 1608 urbi
564 1574 749 1620 matres,
773 1565 1086 1622 populumque
1108 1566 1341 1608 volentem
1728 1573 1818 1620 750

81 1639 349 1694 Deponunt,
370 1639 551 1681 animos
575 1640 637 1681 nil
661 1653 872 1693 magnae,
896 1638 1046 1681 laudis
1068 1647 1270 1694 egentes,

83 1710 177 1766 Ipsi
202 1720 404 1755 transtra
429 1722 616 1762 novant,
635 1710 928 1767 flammisque
951 1711 1144 1754 ambesa
1166 1718 1397 1767 reponunt

82 1780 269 1824 Robora
293 1781 505 1836 navigiis,
531 1789 693 1836 aptant
717 1794 964 1837 remosque
986 1780 1313 1837 rudentesque,

81 1852 246 1909 Exigui
271 1868 463 1897 numero
487 1870 496 1906 ;
530 1854 612 1897 sed
636 1853 757 1896 bello
781 1852 936 1895 vivida
957 1852 1114 1896 virtus.

143 1928 324 1969 Interea
347 1927 530 1968 Aeneas
555 1927 715 1968 urbem
739 1925 956 1980 designat
980 1934 1134 1968 aratro
1729 1935 1812 1982 755

81 1999 370 2055 Sortiturque
394 1999 559 2040 domos
582 2014 588 2039 :
626 1998 713 2041 hoc
741 1997 890 2051 Ilium,
914 2007 957 2040 et
982 1998 1098 2041 haec
1120 1998 1222 2041 loca
1244 1997 1433 2054 Trojam

81 2072 198 2114 Esse
215 2071 359 2128 jubet.
425 2071 608 2114 Gaudet
633 2084 775 2124 regno
799 2070 1028 2126 Trojanus
1051 2071 1260 2125 Acestes,

84 2143 344 2200 Indicitque
367 2143 513 2186 forum
537 2152 582 2186 et
606 2142 811 2199 patribus
835 2142 913 2185 dat
930 2143 1035 2199 jura
1057 2142 1252 2197 vocatis,

80 2217 199 2259 Tum
223 2215 375 2259 vicina
396 2216 532 2259 astris
557 2214 793 2270 Erycino
784 2229 830 2258 m
853 2215 1024 2259 vertice
1048 2215 1184 2258 sedes

82 2289 322 2332 Fundatur
344 2288 510 2332 Veneri
540 2289 726 2340 Idaliae,
751 2288 1021 2363 tumuloque
1045 2287 1264 2331 sacerdos
1728 2288 1814 2342 760

15 2362 63 2427 ζ’)
79 2365 148 2405 Ac
171 2362 299 2404 lucus
321 2361 411 2403 late
435 2374 577 2403 sacer
576 2360 773 2402 additur
797 2346 1044 2420 Anchiseo.

79 2435 275 2490 Jamque
298 2432 397 2476 dies
420 2433 604 2489 epulata
627 2445 796 2475 novem
818 2445 934 2487 gens
957 2431 1124 2486 omnis,
1147 2440 1192 2476 et
1215 2431 1308 2475 aris

84 2508 250 2549 Factus
274 2506 451 2557 honos;
486 2504 655 2561 placidi
679 2512 939 2548 straverunt
961 2518 1164 2585 aequora
1186 2504 1329 2556 venti,

81 2579 252 2622 Creber
274 2587 318 2622 et
342 2569 586 2634 anspirans
609 2591 765 2620 rursus
788 2585 924 2620 vocat
949 2572 1150 2620 Auster
1139 2591 1186 2619 m
1210 2573 1366 2620 altum.

81 2651 297 2694 Exoritur
319 2663 545 2706 procurva
568 2650 731 2704 ingens
756 2662 836 2703 per
859 2648 993 2692 litora
1016 2649 1183 2691 fletus·
1172 2681 1183 2700 ,
1725 2649 1807 2705 765

81 2726 115 2767 C
121 2722 319 2779 omplexi
344 2722 460 2765 inter
484 2735 533 2764 se
556 2731 832 2776 noctemque
856 2720 1074 2776 diemque
1096 2729 1346 2764 morantur,

83 2798 218 2853 Ipsae
234 2795 332 2852 jam
356 2805 539 2843 matres,
564 2792 667 2849 ipsi,
693 2793 860 2851 quibus
883 2807 1048 2850 aspera
1071 2793 1310 2850 quondam

80 2869 192 2911 Visa
214 2867 354 2911 maris
376 2865 518 2909 facies
540 2874 583 2908 et
608 2879 700 2907 non
723 2864 965 2908 tolerabile
987 2878 1172 2919 nornen,

83 2943 154 2985 Ire
175 2941 349 2990 volunt,
371 2952 650 2995 omnemque
672 2938 809 2994 fugae
834 2939 1034 2994 perferre
1058 2939 1277 2983 laborem.

83 3016 212 3070 Quos
235 3015 385 3056 bonus
407 3016 588 3054 Aeneas
612 3010 748 3053 dictis
772 3011 944 3054 solatur
965 3010 1142 3067 amicis,
1526 3050 1530 3053 .
1726 3023 1814 3070 770

81 3088 133 3133 Et
156 3085 499 3142 consanguineo
524 3083 770 3126 lacrimans
794 3084 1091 3127 commendat
1118 3086 1328 3129 Acestae·
