2054 3266
586 193 622 224 P.
668 193 871 224 VERGlLl
913 192 1134 226 MARoNIS
1170 191 1437 225 AENEIDOS.

148 315 242 357 Aut
258 315 416 370 jaculo
438 313 610 358 incedit
633 313 798 357 melior
818 312 1089 370 levibusque
1112 313 1306 370 sagittis,

151 387 242 430 Seu
265 387 407 430 crudo
430 387 528 429 fidit
553 400 755 443 pugnam
775 385 1064 429 committere
1088 394 1246 429 caestu
1268 402 1277 438 ;

149 459 315 509 Cuncti
338 459 506 513 adsint,
531 459 813 515 meritaeque
835 467 1078 515 expectent
1101 458 1309 515 praemia
1331 460 1524 515 palmae.

146 531 240 575 Ore
262 533 413 576 favete
433 544 609 584 omnes,
635 540 678 575 et
702 531 871 586 cingite
893 540 1106 587 tempora
1127 532 1279 574 ramis.

205 603 283 648 Sic
303 604 424 648 fatus
444 605 564 647 velat
589 612 799 647 materna
820 612 1032 660 tempora
1053 612 1203 660 myrto
1223 619 1231 647 :

149 677 254 720 Hoc
280 676 507 732 Helymus
530 676 652 730 facit,
676 677 765 720 hoc
788 676 888 719 aevi
912 683 1126 721 maturus
1148 677 1358 730 AcesteS,

152 749 254 792 Hoc
277 763 390 804 puer
416 748 658 801 Ascanius,
687 748 892 805 sequitur
914 762 1029 791 ouos
1053 757 1208 792 cetera
1228 749 1388 805 pubes.

150 821 233 864 Ille
255 836 280 864 e
303 822 500 865 concilio
522 820 679 863 multis
703 835 808 864 cum
825 822 1023 866 millibus
1046 822 1141 866 ibat

145 893 220 938 Ad
243 894 486 947 tumulum,
508 907 680 948 magna
701 893 883 937 medius
906 893 1158 937 comitante
1181 902 1377 937 caterva.

148 967 241 1010 Hic
263 967 356 1009 duo
378 966 463 1009 rite
486 980 613 1008 mero
636 966 787 1009 libans
811 966 1050 1009 carchesia
1075 967 1262 1010 Baccho

146 1039 317 1082 Fundit
340 1038 482 1092 humi,
506 1039 597 1081 duo
621 1039 740 1081 lacte
762 1052 897 1093 novo,
917 1039 1009 1081 duo
1032 1039 1257 1093 sanguine
1281 1054 1414 1083 sacro
1433 1055 1446 1093 ;

151 1113 501 1168 Purpureosque
518 1111 632 1167 jacit
655 1111 808 1164 flores,
834 1125 889 1154 ac
911 1112 1022 1154 talia
1043 1112 1163 1154 fatur
1186 1127 1193 1154 :

147 1181 298 1235 Salve,
322 1188 482 1223 sancte
504 1194 672 1236 parens
693 1195 701 1223 :
736 1180 901 1223 iterum
925 1181 1113 1234 salvete,
1137 1181 1309 1237 recepti

147 1254 447 1310 Nequiquam
470 1253 660 1307 cineres,
684 1253 961 1309 animaeque
983 1254 1268 1310 umbraeque
1292 1263 1523 1310 paternae.

148 1329 256 1370 Non
280 1326 405 1370 licuit
429 1327 543 1368 fines
570 1327 711 1369 Italos
733 1326 983 1382 fataliaque
1007 1341 1131 1382 arva,

149 1401 248 1442 Nec
271 1408 426 1442 tecum
449 1397 722 1452 Ausonium,
745 1398 1026 1454 quicumque
1048 1407 1134 1452 est,
1162 1414 1382 1454 quaerere
1406 1401 1646 1455 Thybrim.

147 1472 340 1514 Dixerat
368 1471 502 1524 haec,
526 1470 680 1525 adytis
702 1484 843 1527 quum
866 1471 1067 1513 lubricus
1090 1472 1253 1526 anguis
1278 1473 1336 1515 ab
1360 1473 1465 1515 imis

147 1542 335 1597 Septem
357 1541 520 1596 ingens
543 1554 696 1595 gyros,
723 1548 917 1596 septena
938 1541 1176 1584 volumina
1196 1541 1345 1585 traxit.

146 1614 398 1668 Amplexus
422 1612 602 1669 placide
624 1613 867 1665 tumulum,
889 1614 1140 1670 lapsusque
1162 1629 1245 1670 per
1265 1629 1369 1658 aras
1390 1631 1401 1668 3

147 1687 398 1729 Caeruleae
422 1685 493 1729 cui
518 1695 648 1741 terga
670 1694 823 1739 notae,
846 1687 1111 1729 maculosus
1133 1695 1177 1730 et
1201 1702 1312 1730 auro
1343 1691 1346 1694 ’

147 1761 400 1816 Squamam
422 1759 701 1802 incendebat
724 1758 874 1813 fulgor
894 1774 902 1801 :
937 1774 1020 1802 ceu
1043 1760 1244 1803 nubibus
1266 1775 1400 1804 arcus

148 1832 277 1875 Mille
301 1830 409 1885 jacit
430 1831 583 1874 varios
606 1831 804 1874 adverso
827 1831 924 1874 sole
946 1832 1139 1875 colores.

146 1904 395 1959 Obstupuit
418 1904 519 1946 visu
540 1905 725 1946 Aeneas
747 1919 755 1946 ε
790 1903 865 1946 ille
888 1904 1072 1958 agmine
1093 1905 1232 1959 longo

143 1977 356 2019 Tandem
380 1976 498 2019 inter
520 1983 704 2031 pateras
727 1984 771 2019 et
790 1976 910 2019 levia
933 1977 1100 2032 pocula
1122 1992 1315 2033 serpens

145 2048 419 2105 Libavitque
442 2049 601 2104 dapes,
625 2062 873 2104 rursusque
897 2048 1108 2092 innoxius
1133 2049 1225 2093 imo

145 2121 378 2165 Successit
399 2122 589 2175 tumulo,
614 2129 658 2164 et
680 2121 877 2177 depasta
899 2122 1062 2165 altaria
1085 2122 1228 2179 liquit,

147 2195 251 2238 Hoc
272 2195 422 2250 magis
444 2194 655 2250 inceptos
679 2193 874 2249 genitori
897 2194 1122 2238 instaurat
1146 2196 1361 2252 honores,

147 2265 354 2307 Incertus
376 2263 626 2319 geniumne
648 2264 737 2306 loci
759 2264 1045 2307 famulumne
1068 2265 1273 2320 parentis

145 2334 263 2376 Esse
285 2341 412 2389 putet
436 2348 446 2384 ;
479 2332 629 2375 caedit
652 2332 786 2374 binas
809 2333 868 2375 de
890 2347 1018 2376 more
1041 2333 1268 2389 bidentes,

144 2403 326 2458 Totque
349 2415 469 2455 sues,
492 2401 685 2444 totidem
710 2401 947 2456 nigrantes
970 2411 1102 2457 terga
1118 2402 1344 2458 juvencos
1363 2420 1376 2458 ;

144 2473 356 2530 Vinaque
377 2473 599 2516 fundebat
624 2472 811 2528 pateris,
838 2473 1135 2531 animamque
1157 2477 1357 2520 vocabat

143 2547 378 2590 Anchisae
398 2545 554 2601 magni
582 2547 841 2602 Manesque
865 2547 1129 2590 Acheronte
1151 2547 1383 2593 remissos.

145 2620 344 2662 Necnon
367 2626 411 2662 et
434 2618 560 2672 socii,
584 2632 702 2674 quae
726 2618 892 2675 cuique
913 2626 984 2662 est
1007 2619 1156 2675 copia,
1178 2621 1286 2664 laeti

145 2693 284 2734 Dona
307 2691 471 2741 ferunt,
498 2699 783 2747 onerantque
805 2705 911 2734 aras
932 2700 1233 2749 mactantque
1251 2693 1478 2750 juvencos
1499 2709 1508 2740 :

144 2764 316 2807 Ordine
337 2778 455 2806 aena
475 2764 628 2806 locant
651 2763 726 2806 alii
747 2780 758 2816 ;
791 2763 971 2820 fusique
993 2778 1075 2820 per
1094 2765 1289 2808 herbam

146 2835 404 2893 Subjiciunt
426 2836 625 2879 verubus
647 2844 834 2892 prunas,
861 2845 904 2880 et
926 2836 1107 2880 viscera
1128 2846 1315 2883 torrent.

203 2911 487 2966 Exspectata
508 2908 607 2952 dies
630 2908 802 2961 aderat,
826 2923 1090 2966 nonamque
1123 2924 1288 2954 serena

145 2983 372 3025 Auroram
398 2981 700 3025 Phaethontis
722 2981 826 3037 equi
844 2981 942 3036 jam
965 2982 1065 3025 luce
1086 2983 1329 3037 vehebant,

145 3054 385 3110 Famaque
406 3053 627 3098 finitimos
648 3061 693 3097 et
715 3052 826 3097 clari
848 3067 1018 3097 nomen
1041 3055 1242 3099 Acestae

1815 181 1874 226 27

1823 834 1876 877 75

1825 1186 1882 1227 fo

1823 1922 1880 1964 90

1820 2283 1874 2326 95

1796 2640 1875 2670 100

1795 3003 1870 3044 1c5
